%% This BibTeX bibliography file was created using BibDesk.
%% http://bibdesk.sourceforge.net/


%% Created for Shankar Kulumani at 2015-08-03 21:10:19 -0400 


%% Saved with string encoding Unicode (UTF-8) 



@article{szebehely1967,
	Author = {Szebehely, Victor},
	Date-Added = {2015-04-07 01:56:52 +0000},
	Date-Modified = {2015-08-02 19:18:52 +0000},
	Journal = {New York: Academic Press},
	Title = {Theory of orbits. The Restricted Problem of Three Bodies},
	Volume = {1},
	Year = {1967}}

@article{conley1968,
	Author = {Conley, C. C.},
	Copyright = {Copyright {\copyright} 1968 Society for Industrial and Applied Mathematics},
	Date-Added = {2014-08-18 15:46:49 +0000},
	Date-Modified = {2014-08-18 15:46:54 +0000},
	Issn = {00361399},
	Journal = {SIAM Journal on Applied Mathematics},
	Jstor_Articletype = {research-article},
	Jstor_Formatteddate = {Jul., 1968},
	Language = {English},
	Number = {4},
	Pages = {pp. 732-746},
	Publisher = {Society for Industrial and Applied Mathematics},
	Title = {Low Energy Transit Orbits in the Restricted Three-Body Problem},
	Url = {http://www.jstor.org/stable/2099124},
	Volume = {16},
	Year = {1968},
	Bdsk-File-1 = {YnBsaXN0MDDUAQIDBAUGJCVYJHZlcnNpb25YJG9iamVjdHNZJGFyY2hpdmVyVCR0b3ASAAGGoKgHCBMUFRYaIVUkbnVsbNMJCgsMDxJXTlMua2V5c1pOUy5vYmplY3RzViRjbGFzc6INDoACgAOiEBGABIAFgAdccmVsYXRpdmVQYXRoWWFsaWFzRGF0YV8QPy4uLy4uLy4uLy4uL2RvY3MvdGVjaG5pY2FsX3BhcGVycy9iaWJkZXNrX3BhcGVycy9jb25sZXkxOTY4LnBkZtIXCxgZV05TLmRhdGFPEQHWAAAAAAHWAAIAAAxNYWNpbnRvc2ggSEQAAAAAAAAAAAAAAAAAAADQqOAbSCsAAAAK51IOY29ubGV5MTk2OC5wZGYAAAAAAAAAAAAAAAAAAAAAAAAAAAAAAAAAAAAAAAAAAAAAAAAAAAAAAAAAAAAAAAAAAAr0otB7opIAAAAAAAAAAAAEAAQAAAkgAAAAAAAAAAAAAAAAAAAADmJpYmRlc2tfcGFwZXJzABAACAAA0KkmawAAABEACAAA0Hvo4gAAAAEAGAAK51IACtdQAArXOgAK1S4ABh57AAKToAACAFpNYWNpbnRvc2ggSEQ6VXNlcnM6AHNoYW5rYXI6AERyaXZlOgBkb2NzOgB0ZWNobmljYWxfcGFwZXJzOgBiaWJkZXNrX3BhcGVyczoAY29ubGV5MTk2OC5wZGYADgAeAA4AYwBvAG4AbABlAHkAMQA5ADYAOAAuAHAAZABmAA8AGgAMAE0AYQBjAGkAbgB0AG8AcwBoACAASABEABIAR1VzZXJzL3NoYW5rYXIvRHJpdmUvZG9jcy90ZWNobmljYWxfcGFwZXJzL2JpYmRlc2tfcGFwZXJzL2NvbmxleTE5NjgucGRmAAATAAEvAAAVAAIADv//AACABtIbHB0eWiRjbGFzc25hbWVYJGNsYXNzZXNdTlNNdXRhYmxlRGF0YaMdHyBWTlNEYXRhWE5TT2JqZWN00hscIiNcTlNEaWN0aW9uYXJ5oiIgXxAPTlNLZXllZEFyY2hpdmVy0SYnVHJvb3SAAQAIABEAGgAjAC0AMgA3AEAARgBNAFUAYABnAGoAbABuAHEAcwB1AHcAhACOANAA1QDdArcCuQK+AskC0gLgAuQC6wL0AvkDBgMJAxsDHgMjAAAAAAAAAgEAAAAAAAAAKAAAAAAAAAAAAAAAAAAAAyU=},
	Bdsk-Url-1 = {http://www.jstor.org/stable/2099124}}

@book{lanczos1970,
	Author = {Lanczos, Cornelius},
	Date-Added = {2015-04-07 03:12:49 +0000},
	Date-Modified = {2015-07-26 23:23:49 +0000},
	Publisher = {Courier Corporation},
	Title = {The Variational Principles of Mechanics},
	Volume = {4},
	Year = {1970}}

@book{bryson1975,
	Author = {Bryson, A. E. and Ho, Y. C.},
	Date-Added = {2015-02-08 16:56:05 +0000},
	Date-Modified = {2015-08-02 19:19:44 +0000},
	Publisher = {CRC Press},
	Title = {Applied Optimal Control: Optimization, Estimation and Control},
	Year = {1975},
	Bdsk-File-1 = {YnBsaXN0MDDUAQIDBAUGJCVYJHZlcnNpb25YJG9iamVjdHNZJGFyY2hpdmVyVCR0b3ASAAGGoKgHCBMUFRYaIVUkbnVsbNMJCgsMDxJXTlMua2V5c1pOUy5vYmplY3RzViRjbGFzc6INDoACgAOiEBGABIAFgAdccmVsYXRpdmVQYXRoWWFsaWFzRGF0YV8QPy4uLy4uLy4uLy4uL2RvY3MvdGVjaG5pY2FsX3BhcGVycy9iaWJkZXNrX3BhcGVycy9icnlzb24xOTc1LnBkZtIXCxgZV05TLmRhdGFPEQHWAAAAAAHWAAIAAAxNYWNpbnRvc2ggSEQAAAAAAAAAAAAAAAAAAADQqOAbSCsAAAAK51IOYnJ5c29uMTk3NS5wZGYAAAAAAAAAAAAAAAAAAAAAAAAAAAAAAAAAAAAAAAAAAAAAAAAAAAAAAAAAAAAAAAAAABT0gtDcNQAAAAAAAAAAAAAEAAQAAAkgAAAAAAAAAAAAAAAAAAAADmJpYmRlc2tfcGFwZXJzABAACAAA0KkmawAAABEACAAA0Nx7UAAAAAEAGAAK51IACtdQAArXOgAK1S4ABh57AAKToAACAFpNYWNpbnRvc2ggSEQ6VXNlcnM6AHNoYW5rYXI6AERyaXZlOgBkb2NzOgB0ZWNobmljYWxfcGFwZXJzOgBiaWJkZXNrX3BhcGVyczoAYnJ5c29uMTk3NS5wZGYADgAeAA4AYgByAHkAcwBvAG4AMQA5ADcANQAuAHAAZABmAA8AGgAMAE0AYQBjAGkAbgB0AG8AcwBoACAASABEABIAR1VzZXJzL3NoYW5rYXIvRHJpdmUvZG9jcy90ZWNobmljYWxfcGFwZXJzL2JpYmRlc2tfcGFwZXJzL2JyeXNvbjE5NzUucGRmAAATAAEvAAAVAAIADv//AACABtIbHB0eWiRjbGFzc25hbWVYJGNsYXNzZXNdTlNNdXRhYmxlRGF0YaMdHyBWTlNEYXRhWE5TT2JqZWN00hscIiNcTlNEaWN0aW9uYXJ5oiIgXxAPTlNLZXllZEFyY2hpdmVy0SYnVHJvb3SAAQAIABEAGgAjAC0AMgA3AEAARgBNAFUAYABnAGoAbABuAHEAcwB1AHcAhACOANAA1QDdArcCuQK+AskC0gLgAuQC6wL0AvkDBgMJAxsDHgMjAAAAAAAAAgEAAAAAAAAAKAAAAAAAAAAAAAAAAAAAAyU=}}

@book{greenwood1988,
	Author = {Greenwood, Donald T},
	Date-Added = {2013-09-05 03:15:03 +0000},
	Date-Modified = {2015-08-02 19:19:53 +0000},
	Keywords = {dynamics},
	Publisher = {Prentice-Hall Upper Saddle River, NJ},
	Title = {Principles of Dynamics},
	Year = {1988},
	Bdsk-File-1 = {YnBsaXN0MDDUAQIDBAUGJCVYJHZlcnNpb25YJG9iamVjdHNZJGFyY2hpdmVyVCR0b3ASAAGGoKgHCBMUFRYaIVUkbnVsbNMJCgsMDxJXTlMua2V5c1pOUy5vYmplY3RzViRjbGFzc6INDoACgAOiEBGABIAFgAdccmVsYXRpdmVQYXRoWWFsaWFzRGF0YV8QQi4uLy4uLy4uLy4uL2RvY3MvdGVjaG5pY2FsX3BhcGVycy9iaWJkZXNrX3BhcGVycy9ncmVlbndvb2QxOTg4LnBkZtIXCxgZV05TLmRhdGFPEQHiAAAAAAHiAAIAAAxNYWNpbnRvc2ggSEQAAAAAAAAAAAAAAAAAAADQqOAbSCsAAAAK51IRZ3JlZW53b29kMTk4OC5wZGYAAAAAAAAAAAAAAAAAAAAAAAAAAAAAAAAAAAAAAAAAAAAAAAAAAAAAAAAAAAAAAAr0u844GoYAAAAAAAAAAAAEAAQAAAkgAAAAAAAAAAAAAAAAAAAADmJpYmRlc2tfcGFwZXJzABAACAAA0KkmawAAABEACAAAzjhSxgAAAAEAGAAK51IACtdQAArXOgAK1S4ABh57AAKToAACAF1NYWNpbnRvc2ggSEQ6VXNlcnM6AHNoYW5rYXI6AERyaXZlOgBkb2NzOgB0ZWNobmljYWxfcGFwZXJzOgBiaWJkZXNrX3BhcGVyczoAZ3JlZW53b29kMTk4OC5wZGYAAA4AJAARAGcAcgBlAGUAbgB3AG8AbwBkADEAOQA4ADgALgBwAGQAZgAPABoADABNAGEAYwBpAG4AdABvAHMAaAAgAEgARAASAEpVc2Vycy9zaGFua2FyL0RyaXZlL2RvY3MvdGVjaG5pY2FsX3BhcGVycy9iaWJkZXNrX3BhcGVycy9ncmVlbndvb2QxOTg4LnBkZgATAAEvAAAVAAIADv//AACABtIbHB0eWiRjbGFzc25hbWVYJGNsYXNzZXNdTlNNdXRhYmxlRGF0YaMdHyBWTlNEYXRhWE5TT2JqZWN00hscIiNcTlNEaWN0aW9uYXJ5oiIgXxAPTlNLZXllZEFyY2hpdmVy0SYnVHJvb3SAAQAIABEAGgAjAC0AMgA3AEAARgBNAFUAYABnAGoAbABuAHEAcwB1AHcAhACOANMA2ADgAsYCyALNAtgC4QLvAvMC+gMDAwgDFQMYAyoDLQMyAAAAAAAAAgEAAAAAAAAAKAAAAAAAAAAAAAAAAAAAAzQ=}}

@article{koon1999,
	Annote = {Koon, W.S., M.W. Lo, J.E. Marsden, and S.D. Ross [1999],"The Genesis trajectory and heteroclinic connections", Astrodynamics 1999, AAS Vol. 103, Part III, 2327-2343. 

overview of design work used for Genesis mission. 

highlights the heteroclinic connections between libration point periodic orbits

mentions differential correction to numerically determine required delta v

still assumes impulsive manuevers at the 'patch' points},
	Author = {Koon, Wang Sang and Lo, Martin W and Marsden, Jerrold and Ross, Shane},
	Date-Added = {2014-08-14 18:42:30 +0000},
	Date-Modified = {2014-08-16 16:09:13 +0000},
	Journal = {Astrodynamics 1999},
	Number = {Part III},
	Pages = {2327-2343},
	Publisher = {American Astronautical Society},
	Read = {1},
	Title = {The Genesis Trajectory and Heteroclinic Cycles},
	Volume = {103},
	Year = {1999},
	Bdsk-File-1 = {YnBsaXN0MDDUAQIDBAUGJCVYJHZlcnNpb25YJG9iamVjdHNZJGFyY2hpdmVyVCR0b3ASAAGGoKgHCBMUFRYaIVUkbnVsbNMJCgsMDxJXTlMua2V5c1pOUy5vYmplY3RzViRjbGFzc6INDoACgAOiEBGABIAFgAdccmVsYXRpdmVQYXRoWWFsaWFzRGF0YV8QPS4uLy4uLy4uLy4uL2RvY3MvdGVjaG5pY2FsX3BhcGVycy9iaWJkZXNrX3BhcGVycy9rb29uMTk5OS5wZGbSFwsYGVdOUy5kYXRhTxEBzgAAAAABzgACAAAMTWFjaW50b3NoIEhEAAAAAAAAAAAAAAAAAAAA0KjgG0grAAAACudSDGtvb24xOTk5LnBkZgAAAAAAAAAAAAAAAAAAAAAAAAAAAAAAAAAAAAAAAAAAAAAAAAAAAAAAAAAAAAAAAAAAAAAK9GPQe6JgAAAAAAAAAAAABAAEAAAJIAAAAAAAAAAAAAAAAAAAAA5iaWJkZXNrX3BhcGVycwAQAAgAANCpJmsAAAARAAgAANB76LAAAAABABgACudSAArXUAAK1zoACtUuAAYeewACk6AAAgBYTWFjaW50b3NoIEhEOlVzZXJzOgBzaGFua2FyOgBEcml2ZToAZG9jczoAdGVjaG5pY2FsX3BhcGVyczoAYmliZGVza19wYXBlcnM6AGtvb24xOTk5LnBkZgAOABoADABrAG8AbwBuADEAOQA5ADkALgBwAGQAZgAPABoADABNAGEAYwBpAG4AdABvAHMAaAAgAEgARAASAEVVc2Vycy9zaGFua2FyL0RyaXZlL2RvY3MvdGVjaG5pY2FsX3BhcGVycy9iaWJkZXNrX3BhcGVycy9rb29uMTk5OS5wZGYAABMAAS8AABUAAgAO//8AAIAG0hscHR5aJGNsYXNzbmFtZVgkY2xhc3Nlc11OU011dGFibGVEYXRhox0fIFZOU0RhdGFYTlNPYmplY3TSGxwiI1xOU0RpY3Rpb25hcnmiIiBfEA9OU0tleWVkQXJjaGl2ZXLRJidUcm9vdIABAAgAEQAaACMALQAyADcAQABGAE0AVQBgAGcAagBsAG4AcQBzAHUAdwCEAI4AzgDTANsCrQKvArQCvwLIAtYC2gLhAuoC7wL8Av8DEQMUAxkAAAAAAAACAQAAAAAAAAAoAAAAAAAAAAAAAAAAAAADGw==}}

@book{koon2000,
	Annote = {-construct low energy trajectories that exploit the characteristics of the system phase space
-solve n-body problems as concatination of seperate 3-body solutions 
-chapter 6 introduces out of plane trajectories
-chapter 8 discusses transfer correction manuevers most seem to deal with discrete optimal manuevers -  target point and floquet mode methods
-chapter 10 introduces low thrust trajectories
	-integrate fw/bw from intial and final orbits to construct a continuous trajectory
	-lyapunov based function that allows the closed loop dynamics to become asymptotically stable on the target orbit - expand chang/chichka/marsden 2002 paper
	-need to consider model uncertainty, unmodeled dynamics, and noise
	-extend primer vector theory to continuous low thrust case
	- direct discretization of the d'alembert principle},
	Author = {Koon, Wang Sang and Lo, Martin W and Marsden, Jerrold E and Ross, Shane D},
	Date-Added = {2014-08-13 21:58:52 +0000},
	Date-Modified = {2015-08-02 19:22:52 +0000},
	Publisher = {World Scientific},
	Read = {1},
	Title = {Dynamical Systems, the Three-Body Problem and Space Mission Design},
	Year = {2000},
	Bdsk-File-1 = {YnBsaXN0MDDUAQIDBAUGJCVYJHZlcnNpb25YJG9iamVjdHNZJGFyY2hpdmVyVCR0b3ASAAGGoKgHCBMUFRYaIVUkbnVsbNMJCgsMDxJXTlMua2V5c1pOUy5vYmplY3RzViRjbGFzc6INDoACgAOiEBGABIAFgAdccmVsYXRpdmVQYXRoWWFsaWFzRGF0YV8QPS4uLy4uLy4uLy4uL2RvY3MvdGVjaG5pY2FsX3BhcGVycy9iaWJkZXNrX3BhcGVycy9rb29uMjAwMC5wZGbSFwsYGVdOUy5kYXRhTxEBzgAAAAABzgACAAAMTWFjaW50b3NoIEhEAAAAAAAAAAAAAAAAAAAA0KjgG0grAAAACudSDGtvb24yMDAwLnBkZgAAAAAAAAAAAAAAAAAAAAAAAAAAAAAAAAAAAAAAAAAAAAAAAAAAAAAAAAAAAAAAAAAAAACDejXQe6LCAAAAAAAAAAAABAAEAAAJIAAAAAAAAAAAAAAAAAAAAA5iaWJkZXNrX3BhcGVycwAQAAgAANCpJmsAAAARAAgAANB76RIAAAABABgACudSAArXUAAK1zoACtUuAAYeewACk6AAAgBYTWFjaW50b3NoIEhEOlVzZXJzOgBzaGFua2FyOgBEcml2ZToAZG9jczoAdGVjaG5pY2FsX3BhcGVyczoAYmliZGVza19wYXBlcnM6AGtvb24yMDAwLnBkZgAOABoADABrAG8AbwBuADIAMAAwADAALgBwAGQAZgAPABoADABNAGEAYwBpAG4AdABvAHMAaAAgAEgARAASAEVVc2Vycy9zaGFua2FyL0RyaXZlL2RvY3MvdGVjaG5pY2FsX3BhcGVycy9iaWJkZXNrX3BhcGVycy9rb29uMjAwMC5wZGYAABMAAS8AABUAAgAO//8AAIAG0hscHR5aJGNsYXNzbmFtZVgkY2xhc3Nlc11OU011dGFibGVEYXRhox0fIFZOU0RhdGFYTlNPYmplY3TSGxwiI1xOU0RpY3Rpb25hcnmiIiBfEA9OU0tleWVkQXJjaGl2ZXLRJidUcm9vdIABAAgAEQAaACMALQAyADcAQABGAE0AVQBgAGcAagBsAG4AcQBzAHUAdwCEAI4AzgDTANsCrQKvArQCvwLIAtYC2gLhAuoC7wL8Av8DEQMUAxkAAAAAAAACAQAAAAAAAAAoAAAAAAAAAAAAAAAAAAADGw==},
	Bdsk-File-2 = {YnBsaXN0MDDUAQIDBAUGJCVYJHZlcnNpb25YJG9iamVjdHNZJGFyY2hpdmVyVCR0b3ASAAGGoKgHCBMUFRYaIVUkbnVsbNMJCgsMDxJXTlMua2V5c1pOUy5vYmplY3RzViRjbGFzc6INDoACgAOiEBGABIAFgAdccmVsYXRpdmVQYXRoWWFsaWFzRGF0YV8QPi4uLy4uLy4uLy4uL2RvY3MvdGVjaG5pY2FsX3BhcGVycy9iaWJkZXNrX3BhcGVycy9rb29uMjAwMDAucGRm0hcLGBlXTlMuZGF0YU8RAdIAAAAAAdIAAgAADE1hY2ludG9zaCBIRAAAAAAAAAAAAAAAAAAAANCo4BtIKwAAAArnUg1rb29uMjAwMDAucGRmAAAAAAAAAAAAAAAAAAAAAAAAAAAAAAAAAAAAAAAAAAAAAAAAAAAAAAAAAAAAAAAAAAAACvDV0B+P4AAAAAAAAAAAAAQABAAACSAAAAAAAAAAAAAAAAAAAAAOYmliZGVza19wYXBlcnMAEAAIAADQqSZrAAAAEQAIAADQH8ggAAAAAQAYAArnUgAK11AACtc6AArVLgAGHnsAApOgAAIAWU1hY2ludG9zaCBIRDpVc2VyczoAc2hhbmthcjoARHJpdmU6AGRvY3M6AHRlY2huaWNhbF9wYXBlcnM6AGJpYmRlc2tfcGFwZXJzOgBrb29uMjAwMDAucGRmAAAOABwADQBrAG8AbwBuADIAMAAwADAAMAAuAHAAZABmAA8AGgAMAE0AYQBjAGkAbgB0AG8AcwBoACAASABEABIARlVzZXJzL3NoYW5rYXIvRHJpdmUvZG9jcy90ZWNobmljYWxfcGFwZXJzL2JpYmRlc2tfcGFwZXJzL2tvb24yMDAwMC5wZGYAEwABLwAAFQACAA7//wAAgAbSGxwdHlokY2xhc3NuYW1lWCRjbGFzc2VzXU5TTXV0YWJsZURhdGGjHR8gVk5TRGF0YVhOU09iamVjdNIbHCIjXE5TRGljdGlvbmFyeaIiIF8QD05TS2V5ZWRBcmNoaXZlctEmJ1Ryb290gAEACAARABoAIwAtADIANwBAAEYATQBVAGAAZwBqAGwAbgBxAHMAdQB3AIQAjgDPANQA3AKyArQCuQLEAs0C2wLfAuYC7wL0AwEDBAMWAxkDHgAAAAAAAAIBAAAAAAAAACgAAAAAAAAAAAAAAAAAAAMg}}

@incollection{varaiya2000,
	Author = {Varaiya, Pravin},
	Booktitle = {Verification of Digital and Hybrid Systems},
	Date-Added = {2014-10-14 11:51:26 +0000},
	Date-Modified = {2014-10-14 11:51:44 +0000},
	Keywords = {reachability},
	Pages = {323--331},
	Publisher = {Springer},
	Title = {Reach set computation using optimal control},
	Year = {2000},
	Bdsk-File-1 = {YnBsaXN0MDDUAQIDBAUGJCVYJHZlcnNpb25YJG9iamVjdHNZJGFyY2hpdmVyVCR0b3ASAAGGoKgHCBMUFRYaIVUkbnVsbNMJCgsMDxJXTlMua2V5c1pOUy5vYmplY3RzViRjbGFzc6INDoACgAOiEBGABIAFgAdccmVsYXRpdmVQYXRoWWFsaWFzRGF0YV8QQC4uLy4uLy4uLy4uL2RvY3MvdGVjaG5pY2FsX3BhcGVycy9iaWJkZXNrX3BhcGVycy92YXJhaXlhMjAwMC5wZGbSFwsYGVdOUy5kYXRhTxEB2gAAAAAB2gACAAAMTWFjaW50b3NoIEhEAAAAAAAAAAAAAAAAAAAA0KjgG0grAAAACudSD3ZhcmFpeWEyMDAwLnBkZgAAAAAAAAAAAAAAAAAAAAAAAAAAAAAAAAAAAAAAAAAAAAAAAAAAAAAAAAAAAAAAAAAK71nQYWcOAAAAAAAAAAAABAAEAAAJIAAAAAAAAAAAAAAAAAAAAA5iaWJkZXNrX3BhcGVycwAQAAgAANCpJmsAAAARAAgAANBhn04AAAABABgACudSAArXUAAK1zoACtUuAAYeewACk6AAAgBbTWFjaW50b3NoIEhEOlVzZXJzOgBzaGFua2FyOgBEcml2ZToAZG9jczoAdGVjaG5pY2FsX3BhcGVyczoAYmliZGVza19wYXBlcnM6AHZhcmFpeWEyMDAwLnBkZgAADgAgAA8AdgBhAHIAYQBpAHkAYQAyADAAMAAwAC4AcABkAGYADwAaAAwATQBhAGMAaQBuAHQAbwBzAGgAIABIAEQAEgBIVXNlcnMvc2hhbmthci9Ecml2ZS9kb2NzL3RlY2huaWNhbF9wYXBlcnMvYmliZGVza19wYXBlcnMvdmFyYWl5YTIwMDAucGRmABMAAS8AABUAAgAO//8AAIAG0hscHR5aJGNsYXNzbmFtZVgkY2xhc3Nlc11OU011dGFibGVEYXRhox0fIFZOU0RhdGFYTlNPYmplY3TSGxwiI1xOU0RpY3Rpb25hcnmiIiBfEA9OU0tleWVkQXJjaGl2ZXLRJidUcm9vdIABAAgAEQAaACMALQAyADcAQABGAE0AVQBgAGcAagBsAG4AcQBzAHUAdwCEAI4A0QDWAN4CvAK+AsMCzgLXAuUC6QLwAvkC/gMLAw4DIAMjAygAAAAAAAACAQAAAAAAAAAoAAAAAAAAAAAAAAAAAAADKg==}}

@incollection{koon2001,
	Abstract = {In 1991, the Japanese Hiten mission used a low energy transfer with a ballistic capture at the Moon which required less 􏰮V than a standard Hohmann transfer. In this paper, we apply the dynamical systems techniques developed in our earlier work to reproduce systematically a Hiten-like mission. We approximate the Sun--Earth--Moon-spacecraft 4-body system as two 3-body systems. Using the invariant manifold structures of the Lagrange points of the 3-body systems, we are able to construct low energy transfer trajectories from the Earth which execute ballistic capture at the Moon. The techniques used in the design and construction of this trajectory may be applied in many situations.},
	Annote = {Koon, W.S., M.W. Lo, J.E. Marsden, and S.D. Ross [2001],"Low energy transfer to the moon", Celestial Mechanics and Dynamical Astronomy 81(1-2), 63-73. },
	Author = {Koon, Wang Sang and Lo, MARTIN W and Marsden, JERROLD E and Ross, SHANE D},
	Booktitle = {Dynamics of Natural and Artificial Celestial Bodies},
	Date-Added = {2014-08-14 18:46:26 +0000},
	Date-Modified = {2014-08-14 18:47:06 +0000},
	Keywords = {earth--moon transfer, invariant manifolds, three-body problem, space mission design},
	Pages = {63--73},
	Publisher = {Springer},
	Title = {Low energy transfer to the Moon},
	Year = {2001},
	Bdsk-File-1 = {YnBsaXN0MDDUAQIDBAUGJCVYJHZlcnNpb25YJG9iamVjdHNZJGFyY2hpdmVyVCR0b3ASAAGGoKgHCBMUFRYaIVUkbnVsbNMJCgsMDxJXTlMua2V5c1pOUy5vYmplY3RzViRjbGFzc6INDoACgAOiEBGABIAFgAdccmVsYXRpdmVQYXRoWWFsaWFzRGF0YV8QPS4uLy4uLy4uLy4uL2RvY3MvdGVjaG5pY2FsX3BhcGVycy9iaWJkZXNrX3BhcGVycy9rb29uMjAwMS5wZGbSFwsYGVdOUy5kYXRhTxEBzgAAAAABzgACAAAMTWFjaW50b3NoIEhEAAAAAAAAAAAAAAAAAAAA0KjgG0grAAAACudSDGtvb24yMDAxLnBkZgAAAAAAAAAAAAAAAAAAAAAAAAAAAAAAAAAAAAAAAAAAAAAAAAAAAAAAAAAAAAAAAAAAAAAK7lfQEjU2AAAAAAAAAAAABAAEAAAJIAAAAAAAAAAAAAAAAAAAAA5iaWJkZXNrX3BhcGVycwAQAAgAANCpJmsAAAARAAgAANASbXYAAAABABgACudSAArXUAAK1zoACtUuAAYeewACk6AAAgBYTWFjaW50b3NoIEhEOlVzZXJzOgBzaGFua2FyOgBEcml2ZToAZG9jczoAdGVjaG5pY2FsX3BhcGVyczoAYmliZGVza19wYXBlcnM6AGtvb24yMDAxLnBkZgAOABoADABrAG8AbwBuADIAMAAwADEALgBwAGQAZgAPABoADABNAGEAYwBpAG4AdABvAHMAaAAgAEgARAASAEVVc2Vycy9zaGFua2FyL0RyaXZlL2RvY3MvdGVjaG5pY2FsX3BhcGVycy9iaWJkZXNrX3BhcGVycy9rb29uMjAwMS5wZGYAABMAAS8AABUAAgAO//8AAIAG0hscHR5aJGNsYXNzbmFtZVgkY2xhc3Nlc11OU011dGFibGVEYXRhox0fIFZOU0RhdGFYTlNPYmplY3TSGxwiI1xOU0RpY3Rpb25hcnmiIiBfEA9OU0tleWVkQXJjaGl2ZXLRJidUcm9vdIABAAgAEQAaACMALQAyADcAQABGAE0AVQBgAGcAagBsAG4AcQBzAHUAdwCEAI4AzgDTANsCrQKvArQCvwLIAtYC2gLhAuoC7wL8Av8DEQMUAxkAAAAAAAACAQAAAAAAAAAoAAAAAAAAAAAAAAAAAAADGw==}}

@article{marsden2001,
	Author = {Marsden, Jerrold E and West, Matthew},
	Date-Added = {2014-12-22 15:22:08 +0000},
	Date-Modified = {2015-08-02 19:24:00 +0000},
	Journal = {Acta Numerica 2001},
	Keywords = {geometric mechanics},
	Pages = {357--514},
	Publisher = {Cambridge Univ Press},
	Title = {Discrete Mechanics and Variational Integrators},
	Volume = {10},
	Year = {2001},
	Bdsk-File-1 = {YnBsaXN0MDDUAQIDBAUGJCVYJHZlcnNpb25YJG9iamVjdHNZJGFyY2hpdmVyVCR0b3ASAAGGoKgHCBMUFRYaIVUkbnVsbNMJCgsMDxJXTlMua2V5c1pOUy5vYmplY3RzViRjbGFzc6INDoACgAOiEBGABIAFgAdccmVsYXRpdmVQYXRoWWFsaWFzRGF0YV8QQC4uLy4uLy4uLy4uL2RvY3MvdGVjaG5pY2FsX3BhcGVycy9iaWJkZXNrX3BhcGVycy9tYXJzZGVuMjAwMS5wZGbSFwsYGVdOUy5kYXRhTxEB2gAAAAAB2gACAAAMTWFjaW50b3NoIEhEAAAAAAAAAAAAAAAAAAAA0KjgG0grAAAACudSD21hcnNkZW4yMDAxLnBkZgAAAAAAAAAAAAAAAAAAAAAAAAAAAAAAAAAAAAAAAAAAAAAAAAAAAAAAAAAAAAAAAAAK2AzQiP4sAAAAAAAAAAAABAAEAAAJIAAAAAAAAAAAAAAAAAAAAA5iaWJkZXNrX3BhcGVycwAQAAgAANCpJmsAAAARAAgAANCJRHwAAAABABgACudSAArXUAAK1zoACtUuAAYeewACk6AAAgBbTWFjaW50b3NoIEhEOlVzZXJzOgBzaGFua2FyOgBEcml2ZToAZG9jczoAdGVjaG5pY2FsX3BhcGVyczoAYmliZGVza19wYXBlcnM6AG1hcnNkZW4yMDAxLnBkZgAADgAgAA8AbQBhAHIAcwBkAGUAbgAyADAAMAAxAC4AcABkAGYADwAaAAwATQBhAGMAaQBuAHQAbwBzAGgAIABIAEQAEgBIVXNlcnMvc2hhbmthci9Ecml2ZS9kb2NzL3RlY2huaWNhbF9wYXBlcnMvYmliZGVza19wYXBlcnMvbWFyc2RlbjIwMDEucGRmABMAAS8AABUAAgAO//8AAIAG0hscHR5aJGNsYXNzbmFtZVgkY2xhc3Nlc11OU011dGFibGVEYXRhox0fIFZOU0RhdGFYTlNPYmplY3TSGxwiI1xOU0RpY3Rpb25hcnmiIiBfEA9OU0tleWVkQXJjaGl2ZXLRJidUcm9vdIABAAgAEQAaACMALQAyADcAQABGAE0AVQBgAGcAagBsAG4AcQBzAHUAdwCEAI4A0QDWAN4CvAK+AsMCzgLXAuUC6QLwAvkC/gMLAw4DIAMjAygAAAAAAAACAQAAAAAAAAAoAAAAAAAAAAAAAAAAAAADKg==}}

@conference{gomez2001,
	Abstract = {The invariant manifold structures of the collinear libration points for the spatial restricted three-body problem provide the framework for under- standing complex dynamical phenomena from a geometric point of view. In particular, the stable and unstable invariant manifold ``tubes'' associ- ated to libration point orbits are the phase space structures that provide a conduit for orbits between primary bodies for separate three-body systems. These invariant manifold tubes can be used to construct new spacecraft trajectories, such as a ``Petit Grand Tour'' of the moons of Jupiter. Pre- vious work focused on the planar circular restricted three-body problem. The current work extends the results to the spatial case.},
	Annote = {Invariant manifolds, the spatial three-body problem and space mission design, AAS/AIAA Astrodynamics Specialist Conference, Quebec City, Canada, 2001. 
(Gomez, G., W.S. Koon, M.W. Lo, J.E. Marsden, J. Masdemont, and S.D. Ross [2001])

extends invariant manifold structure from the planar case to spatial case for restricted three body problem

as example demonastrate a tour of jupiters moon by leapfrogging between capture/transfer orbits using impulsive delta v 

approximate 4 body system as two coupled planar three body systems. use invariant manifold tubes to construct orbit with desired behavior

lots of description of structure of dynamics in the 4 body system

still assumes instantaneous delta v at transfer point between orbits. },
	Author = {G{\'o}mez, G and Koon, WS and Lo, Martin W and Marsden, JE and Masdemont, J and Ross, SD},
	Booktitle = {AAS/AIAA Astrodynamics Specialist Conference, Quebec City, Canada, 2001},
	Date-Added = {2014-08-14 18:32:44 +0000},
	Date-Modified = {2015-08-02 19:25:38 +0000},
	Keywords = {astrodynamics, trajectory},
	Month = {August},
	Publisher = {American Astronautical Society},
	Read = {1},
	Title = {Invariant Manifolds, the Spatial Three-Body Problem and Space Mission Design},
	Year = {2001},
	Bdsk-File-1 = {YnBsaXN0MDDUAQIDBAUGJCVYJHZlcnNpb25YJG9iamVjdHNZJGFyY2hpdmVyVCR0b3ASAAGGoKgHCBMUFRYaIVUkbnVsbNMJCgsMDxJXTlMua2V5c1pOUy5vYmplY3RzViRjbGFzc6INDoACgAOiEBGABIAFgAdccmVsYXRpdmVQYXRoWWFsaWFzRGF0YV8QPi4uLy4uLy4uLy4uL2RvY3MvdGVjaG5pY2FsX3BhcGVycy9iaWJkZXNrX3BhcGVycy9nb21lejIwMDEucGRm0hcLGBlXTlMuZGF0YU8RAdIAAAAAAdIAAgAADE1hY2ludG9zaCBIRAAAAAAAAAAAAAAAAAAAANCo4BtIKwAAAArnUg1nb21lejIwMDEucGRmAAAAAAAAAAAAAAAAAAAAAAAAAAAAAAAAAAAAAAAAAAAAAAAAAAAAAAAAAAAAAAAAAAAACvKs0BI1JQAAAAAAAAAAAAQABAAACSAAAAAAAAAAAAAAAAAAAAAOYmliZGVza19wYXBlcnMAEAAIAADQqSZrAAAAEQAIAADQEm1lAAAAAQAYAArnUgAK11AACtc6AArVLgAGHnsAApOgAAIAWU1hY2ludG9zaCBIRDpVc2VyczoAc2hhbmthcjoARHJpdmU6AGRvY3M6AHRlY2huaWNhbF9wYXBlcnM6AGJpYmRlc2tfcGFwZXJzOgBnb21lejIwMDEucGRmAAAOABwADQBnAG8AbQBlAHoAMgAwADAAMQAuAHAAZABmAA8AGgAMAE0AYQBjAGkAbgB0AG8AcwBoACAASABEABIARlVzZXJzL3NoYW5rYXIvRHJpdmUvZG9jcy90ZWNobmljYWxfcGFwZXJzL2JpYmRlc2tfcGFwZXJzL2dvbWV6MjAwMS5wZGYAEwABLwAAFQACAA7//wAAgAbSGxwdHlokY2xhc3NuYW1lWCRjbGFzc2VzXU5TTXV0YWJsZURhdGGjHR8gVk5TRGF0YVhOU09iamVjdNIbHCIjXE5TRGljdGlvbmFyeaIiIF8QD05TS2V5ZWRBcmNoaXZlctEmJ1Ryb290gAEACAARABoAIwAtADIANwBAAEYATQBVAGAAZwBqAGwAbgBxAHMAdQB3AIQAjgDPANQA3AKyArQCuQLEAs0C2wLfAuYC7wL0AwEDBAMWAxkDHgAAAAAAAAIBAAAAAAAAACgAAAAAAAAAAAAAAAAAAAMg}}

@article{chang2002,
	Author = {Chang, Dong Eui and Chichka, David F and Marsden, Jerrold E},
	Date-Added = {2014-08-16 11:40:41 +0000},
	Date-Modified = {2015-08-02 19:27:40 +0000},
	Journal = {Discrete and Continuous Dynamical Systems Series B},
	Number = {1},
	Pages = {57--68},
	Publisher = {Citeseer},
	Title = {Lyapunov-based Transfer between Elliptic Keplerian Orbits},
	Volume = {2},
	Year = {2002},
	Bdsk-File-1 = {YnBsaXN0MDDUAQIDBAUGJCVYJHZlcnNpb25YJG9iamVjdHNZJGFyY2hpdmVyVCR0b3ASAAGGoKgHCBMUFRYaIVUkbnVsbNMJCgsMDxJXTlMua2V5c1pOUy5vYmplY3RzViRjbGFzc6INDoACgAOiEBGABIAFgAdccmVsYXRpdmVQYXRoWWFsaWFzRGF0YV8QPi4uLy4uLy4uLy4uL2RvY3MvdGVjaG5pY2FsX3BhcGVycy9iaWJkZXNrX3BhcGVycy9jaGFuZzIwMDIucGRm0hcLGBlXTlMuZGF0YU8RAdIAAAAAAdIAAgAADE1hY2ludG9zaCBIRAAAAAAAAAAAAAAAAAAAANCo4BtIKwAAAArnUg1jaGFuZzIwMDIucGRmAAAAAAAAAAAAAAAAAAAAAAAAAAAAAAAAAAAAAAAAAAAAAAAAAAAAAAAAAAAAAAAAAAAACvQ40HuijwAAAAAAAAAAAAQABAAACSAAAAAAAAAAAAAAAAAAAAAOYmliZGVza19wYXBlcnMAEAAIAADQqSZrAAAAEQAIAADQe+jfAAAAAQAYAArnUgAK11AACtc6AArVLgAGHnsAApOgAAIAWU1hY2ludG9zaCBIRDpVc2VyczoAc2hhbmthcjoARHJpdmU6AGRvY3M6AHRlY2huaWNhbF9wYXBlcnM6AGJpYmRlc2tfcGFwZXJzOgBjaGFuZzIwMDIucGRmAAAOABwADQBjAGgAYQBuAGcAMgAwADAAMgAuAHAAZABmAA8AGgAMAE0AYQBjAGkAbgB0AG8AcwBoACAASABEABIARlVzZXJzL3NoYW5rYXIvRHJpdmUvZG9jcy90ZWNobmljYWxfcGFwZXJzL2JpYmRlc2tfcGFwZXJzL2NoYW5nMjAwMi5wZGYAEwABLwAAFQACAA7//wAAgAbSGxwdHlokY2xhc3NuYW1lWCRjbGFzc2VzXU5TTXV0YWJsZURhdGGjHR8gVk5TRGF0YVhOU09iamVjdNIbHCIjXE5TRGljdGlvbmFyeaIiIF8QD05TS2V5ZWRBcmNoaXZlctEmJ1Ryb290gAEACAARABoAIwAtADIANwBAAEYATQBVAGAAZwBqAGwAbgBxAHMAdQB3AIQAjgDPANQA3AKyArQCuQLEAs0C2wLfAuYC7wL0AwEDBAMWAxkDHgAAAAAAAAIBAAAAAAAAACgAAAAAAAAAAAAAAAAAAAMg},
	Bdsk-File-2 = {YnBsaXN0MDDUAQIDBAUGJCVYJHZlcnNpb25YJG9iamVjdHNZJGFyY2hpdmVyVCR0b3ASAAGGoKgHCBMUFRYaIVUkbnVsbNMJCgsMDxJXTlMua2V5c1pOUy5vYmplY3RzViRjbGFzc6INDoACgAOiEBGABIAFgAdccmVsYXRpdmVQYXRoWWFsaWFzRGF0YV8QPi4uLy4uLy4uLy4uL2RvY3MvdGVjaG5pY2FsX3BhcGVycy9iaWJkZXNrX3BhcGVycy9jaGFuZzIwMDIucmlz0hcLGBlXTlMuZGF0YU8RAdIAAAAAAdIAAgAADE1hY2ludG9zaCBIRAAAAAAAAAAAAAAAAAAAANCo4BtIKwAAAArnUg1jaGFuZzIwMDIucmlzAAAAAAAAAAAAAAAAAAAAAAAAAAAAAAAAAAAAAAAAAAAAAAAAAAAAAAAAAAAAAAAAAAAACued0HuiFAAAAAAAAAAAAAQABAAACSAAAAAAAAAAAAAAAAAAAAAOYmliZGVza19wYXBlcnMAEAAIAADQqSZrAAAAEQAIAADQe+hkAAAAAQAYAArnUgAK11AACtc6AArVLgAGHnsAApOgAAIAWU1hY2ludG9zaCBIRDpVc2VyczoAc2hhbmthcjoARHJpdmU6AGRvY3M6AHRlY2huaWNhbF9wYXBlcnM6AGJpYmRlc2tfcGFwZXJzOgBjaGFuZzIwMDIucmlzAAAOABwADQBjAGgAYQBuAGcAMgAwADAAMgAuAHIAaQBzAA8AGgAMAE0AYQBjAGkAbgB0AG8AcwBoACAASABEABIARlVzZXJzL3NoYW5rYXIvRHJpdmUvZG9jcy90ZWNobmljYWxfcGFwZXJzL2JpYmRlc2tfcGFwZXJzL2NoYW5nMjAwMi5yaXMAEwABLwAAFQACAA7//wAAgAbSGxwdHlokY2xhc3NuYW1lWCRjbGFzc2VzXU5TTXV0YWJsZURhdGGjHR8gVk5TRGF0YVhOU09iamVjdNIbHCIjXE5TRGljdGlvbmFyeaIiIF8QD05TS2V5ZWRBcmNoaXZlctEmJ1Ryb290gAEACAARABoAIwAtADIANwBAAEYATQBVAGAAZwBqAGwAbgBxAHMAdQB3AIQAjgDPANQA3AKyArQCuQLEAs0C2wLfAuYC7wL0AwEDBAMWAxkDHgAAAAAAAAIBAAAAAAAAACgAAAAAAAAAAAAAAAAAAAMg}}

@phdthesis{mitchell2002,
	Author = {Mitchell, Ian Michael},
	Date-Added = {2014-10-14 11:56:57 +0000},
	Date-Modified = {2015-08-02 19:28:29 +0000},
	Keywords = {reachability},
	School = {stanford university},
	Title = {Application of Level Set Methods to Control and Reachability Problems in Continuous and Hybrid Systems},
	Year = {2002},
	Bdsk-File-1 = {YnBsaXN0MDDUAQIDBAUGJCVYJHZlcnNpb25YJG9iamVjdHNZJGFyY2hpdmVyVCR0b3ASAAGGoKgHCBMUFRYaIVUkbnVsbNMJCgsMDxJXTlMua2V5c1pOUy5vYmplY3RzViRjbGFzc6INDoACgAOiEBGABIAFgAdccmVsYXRpdmVQYXRoWWFsaWFzRGF0YV8QQS4uLy4uLy4uLy4uL2RvY3MvdGVjaG5pY2FsX3BhcGVycy9iaWJkZXNrX3BhcGVycy9taXRjaGVsbDIwMDIucGRm0hcLGBlXTlMuZGF0YU8RAd4AAAAAAd4AAgAADE1hY2ludG9zaCBIRAAAAAAAAAAAAAAAAAAAANCo4BtIKwAAAArnUhBtaXRjaGVsbDIwMDIucGRmAAAAAAAAAAAAAAAAAAAAAAAAAAAAAAAAAAAAAAAAAAAAAAAAAAAAAAAAAAAAAAAACvSp0GFhhAAAAAAAAAAAAAQABAAACSAAAAAAAAAAAAAAAAAAAAAOYmliZGVza19wYXBlcnMAEAAIAADQqSZrAAAAEQAIAADQYZnEAAAAAQAYAArnUgAK11AACtc6AArVLgAGHnsAApOgAAIAXE1hY2ludG9zaCBIRDpVc2VyczoAc2hhbmthcjoARHJpdmU6AGRvY3M6AHRlY2huaWNhbF9wYXBlcnM6AGJpYmRlc2tfcGFwZXJzOgBtaXRjaGVsbDIwMDIucGRmAA4AIgAQAG0AaQB0AGMAaABlAGwAbAAyADAAMAAyAC4AcABkAGYADwAaAAwATQBhAGMAaQBuAHQAbwBzAGgAIABIAEQAEgBJVXNlcnMvc2hhbmthci9Ecml2ZS9kb2NzL3RlY2huaWNhbF9wYXBlcnMvYmliZGVza19wYXBlcnMvbWl0Y2hlbGwyMDAyLnBkZgAAEwABLwAAFQACAA7//wAAgAbSGxwdHlokY2xhc3NuYW1lWCRjbGFzc2VzXU5TTXV0YWJsZURhdGGjHR8gVk5TRGF0YVhOU09iamVjdNIbHCIjXE5TRGljdGlvbmFyeaIiIF8QD05TS2V5ZWRBcmNoaXZlctEmJ1Ryb290gAEACAARABoAIwAtADIANwBAAEYATQBVAGAAZwBqAGwAbgBxAHMAdQB3AIQAjgDSANcA3wLBAsMCyALTAtwC6gLuAvUC/gMDAxADEwMlAygDLQAAAAAAAAIBAAAAAAAAACgAAAAAAAAAAAAAAAAAAAMv}}

@inproceedings{lygeros2002,
	Abstract = {Questions of reachability for continuous and hybrid systems can be formulated as optimal control or game theory problems, whose solution can be characterised using variants of the Hamilton-Jacobi-Bellman or Isaacs partial differential equations. This paper establishes a link between reachability and invariance problems and viscosity solutions of a Hamilton-Jacobi partial differential equation, developed to address optimal control problems where the cost function is the minimum of a function of the state over a given horizon. The form of the resulting partial differential equation (continuity of the Hamiltonian and simple boundary conditions) makes this approach especially attractive from the point of view of numerical computation.},
	Author = {Lygeros, J.},
	Booktitle = {Decision and Control, 2002, Proceedings of the 41st IEEE Conference on},
	Date-Added = {2014-10-30 00:39:42 +0000},
	Date-Modified = {2015-08-02 19:33:24 +0000},
	Doi = {10.1109/CDC.2002.1184805},
	Issn = {0191-2216},
	Keywords = {cost optimal control;dynamic programming;partial differential equations;Hamilton-Jacobi-Bellman partial differential equations;Isaacs partial differential equations;dynamic programming;game theory;invariance problems;minimum cost optimal control;reachability relation;Biological control systems;Biology computing;Boundary conditions;Control systems;Cost function;Differential equations;Dynamic programming;Optimal control;Partial differential equations;Viscosity},
	Month = {Dec},
	Pages = {1910-1915 vol.2},
	Title = {On the Relation of Reachability to Minimum Cost Optimal Control},
	Volume = {2},
	Year = {2002},
	Bdsk-File-1 = {YnBsaXN0MDDUAQIDBAUGJCVYJHZlcnNpb25YJG9iamVjdHNZJGFyY2hpdmVyVCR0b3ASAAGGoKgHCBMUFRYaIVUkbnVsbNMJCgsMDxJXTlMua2V5c1pOUy5vYmplY3RzViRjbGFzc6INDoACgAOiEBGABIAFgAdccmVsYXRpdmVQYXRoWWFsaWFzRGF0YV8QQC4uLy4uLy4uLy4uL2RvY3MvdGVjaG5pY2FsX3BhcGVycy9iaWJkZXNrX3BhcGVycy9seWdlcm9zMjAwMi5wZGbSFwsYGVdOUy5kYXRhTxEB2gAAAAAB2gACAAAMTWFjaW50b3NoIEhEAAAAAAAAAAAAAAAAAAAA0KjgG0grAAAACudSD2x5Z2Vyb3MyMDAyLnBkZgAAAAAAAAAAAAAAAAAAAAAAAAAAAAAAAAAAAAAAAAAAAAAAAAAAAAAAAAAAAAAAAAAK9EjQc96lAAAAAAAAAAAABAAEAAAJIAAAAAAAAAAAAAAAAAAAAA5iaWJkZXNrX3BhcGVycwAQAAgAANCpJmsAAAARAAgAANB0FuUAAAABABgACudSAArXUAAK1zoACtUuAAYeewACk6AAAgBbTWFjaW50b3NoIEhEOlVzZXJzOgBzaGFua2FyOgBEcml2ZToAZG9jczoAdGVjaG5pY2FsX3BhcGVyczoAYmliZGVza19wYXBlcnM6AGx5Z2Vyb3MyMDAyLnBkZgAADgAgAA8AbAB5AGcAZQByAG8AcwAyADAAMAAyAC4AcABkAGYADwAaAAwATQBhAGMAaQBuAHQAbwBzAGgAIABIAEQAEgBIVXNlcnMvc2hhbmthci9Ecml2ZS9kb2NzL3RlY2huaWNhbF9wYXBlcnMvYmliZGVza19wYXBlcnMvbHlnZXJvczIwMDIucGRmABMAAS8AABUAAgAO//8AAIAG0hscHR5aJGNsYXNzbmFtZVgkY2xhc3Nlc11OU011dGFibGVEYXRhox0fIFZOU0RhdGFYTlNPYmplY3TSGxwiI1xOU0RpY3Rpb25hcnmiIiBfEA9OU0tleWVkQXJjaGl2ZXLRJidUcm9vdIABAAgAEQAaACMALQAyADcAQABGAE0AVQBgAGcAagBsAG4AcQBzAHUAdwCEAI4A0QDWAN4CvAK+AsMCzgLXAuUC6QLwAvkC/gMLAw4DIAMjAygAAAAAAAACAQAAAAAAAAAoAAAAAAAAAAAAAAAAAAADKg==},
	Bdsk-Url-1 = {http://dx.doi.org/10.1109/CDC.2002.1184805}}

@article{lygeros2004,
	Abstract = {Questions of reachability for continuous and hybrid systems can be formulated as optimal control or game theory problems, whose solution can be characterized using variants of the Hamilton--Jacobi--Bellman or Isaacs partial differential equations. The formal link between the solution to the partial differential equation and the reachability problem is usually established in the framework of viscosity solutions. This paper establishes such a link between reachability, viability and invariance problems and viscosity solutions of a special form of the Hamilton--Jacobi equation. This equation is developed to address optimal control problems where the cost function is the minimum of a function of the state over a specified horizon. The main advantage of the proposed approach is that the properties of the value function (uniform continuity) and the form of the partial differential equation (standard Hamilton--Jacobi form, continuity of the Hamiltonian and simple boundary conditions) make the numerical solution of the problem much simpler than other approaches proposed in the literature. This fact is demonstrated by applying our approach to a reachability problem that arises in flight control and using numerical tools to compute the solution.},
	Author = {Lygeros, John},
	Date = {2004/6//},
	Date-Added = {2014-10-30 00:43:02 +0000},
	Date-Modified = {2014-10-30 00:43:07 +0000},
	Doi = {http://dx.doi.org/10.1016/j.automatica.2004.01.012},
	Isbn = {0005-1098},
	Journal = {Automatica},
	Keywords = {Nonlinear optimal control; L-infinity control; Hamilton--Jacobi equation; Viscosity solutions; Reachability; Viability},
	Month = {6},
	Number = {6},
	Pages = {917--927},
	Title = {On reachability and minimum cost optimal control},
	Ty = {JOUR},
	Url = {http://www.sciencedirect.com/science/article/pii/S0005109804000263},
	Volume = {40},
	Year = {2004},
	Bdsk-File-1 = {YnBsaXN0MDDUAQIDBAUGJCVYJHZlcnNpb25YJG9iamVjdHNZJGFyY2hpdmVyVCR0b3ASAAGGoKgHCBMUFRYaIVUkbnVsbNMJCgsMDxJXTlMua2V5c1pOUy5vYmplY3RzViRjbGFzc6INDoACgAOiEBGABIAFgAdccmVsYXRpdmVQYXRoWWFsaWFzRGF0YV8QQC4uLy4uLy4uLy4uL2RvY3MvdGVjaG5pY2FsX3BhcGVycy9iaWJkZXNrX3BhcGVycy9seWdlcm9zMjAwNC5wZGbSFwsYGVdOUy5kYXRhTxEB2gAAAAAB2gACAAAMTWFjaW50b3NoIEhEAAAAAAAAAAAAAAAAAAAA0KjgG0grAAAACudSD2x5Z2Vyb3MyMDA0LnBkZgAAAAAAAAAAAAAAAAAAAAAAAAAAAAAAAAAAAAAAAAAAAAAAAAAAAAAAAAAAAAAAAAAK6CvQe6KDAAAAAAAAAAAABAAEAAAJIAAAAAAAAAAAAAAAAAAAAA5iaWJkZXNrX3BhcGVycwAQAAgAANCpJmsAAAARAAgAANB76NMAAAABABgACudSAArXUAAK1zoACtUuAAYeewACk6AAAgBbTWFjaW50b3NoIEhEOlVzZXJzOgBzaGFua2FyOgBEcml2ZToAZG9jczoAdGVjaG5pY2FsX3BhcGVyczoAYmliZGVza19wYXBlcnM6AGx5Z2Vyb3MyMDA0LnBkZgAADgAgAA8AbAB5AGcAZQByAG8AcwAyADAAMAA0AC4AcABkAGYADwAaAAwATQBhAGMAaQBuAHQAbwBzAGgAIABIAEQAEgBIVXNlcnMvc2hhbmthci9Ecml2ZS9kb2NzL3RlY2huaWNhbF9wYXBlcnMvYmliZGVza19wYXBlcnMvbHlnZXJvczIwMDQucGRmABMAAS8AABUAAgAO//8AAIAG0hscHR5aJGNsYXNzbmFtZVgkY2xhc3Nlc11OU011dGFibGVEYXRhox0fIFZOU0RhdGFYTlNPYmplY3TSGxwiI1xOU0RpY3Rpb25hcnmiIiBfEA9OU0tleWVkQXJjaGl2ZXLRJidUcm9vdIABAAgAEQAaACMALQAyADcAQABGAE0AVQBgAGcAagBsAG4AcQBzAHUAdwCEAI4A0QDWAN4CvAK+AsMCzgLXAuUC6QLwAvkC/gMLAw4DIAMjAygAAAAAAAACAQAAAAAAAAAoAAAAAAAAAAAAAAAAAAADKg==},
	Bdsk-Url-1 = {http://www.sciencedirect.com/science/article/pii/S0005109804000263},
	Bdsk-Url-2 = {http://dx.doi.org/10.1016/j.automatica.2004.01.012}}

@article{ross2006,
	Author = {Ross, Shane D},
	Date-Added = {2014-08-13 21:58:05 +0000},
	Date-Modified = {2014-08-13 21:58:06 +0000},
	Journal = {American scientist},
	Number = {3},
	Pages = {230},
	Title = {The interplanetary transport network},
	Volume = {94},
	Year = {2006},
	Bdsk-File-1 = {YnBsaXN0MDDUAQIDBAUGJCVYJHZlcnNpb25YJG9iamVjdHNZJGFyY2hpdmVyVCR0b3ASAAGGoKgHCBMUFRYaIVUkbnVsbNMJCgsMDxJXTlMua2V5c1pOUy5vYmplY3RzViRjbGFzc6INDoACgAOiEBGABIAFgAdccmVsYXRpdmVQYXRoWWFsaWFzRGF0YV8QPS4uLy4uLy4uLy4uL2RvY3MvdGVjaG5pY2FsX3BhcGVycy9iaWJkZXNrX3BhcGVycy9yb3NzMjAwNi5wZGbSFwsYGVdOUy5kYXRhTxEBzgAAAAABzgACAAAMTWFjaW50b3NoIEhEAAAAAAAAAAAAAAAAAAAA0KjgG0grAAAACudSDHJvc3MyMDA2LnBkZgAAAAAAAAAAAAAAAAAAAAAAAAAAAAAAAAAAAAAAAAAAAAAAAAAAAAAAAAAAAAAAAAAAAAAK8P7QETTiAAAAAAAAAAAABAAEAAAJIAAAAAAAAAAAAAAAAAAAAA5iaWJkZXNrX3BhcGVycwAQAAgAANCpJmsAAAARAAgAANARbSIAAAABABgACudSAArXUAAK1zoACtUuAAYeewACk6AAAgBYTWFjaW50b3NoIEhEOlVzZXJzOgBzaGFua2FyOgBEcml2ZToAZG9jczoAdGVjaG5pY2FsX3BhcGVyczoAYmliZGVza19wYXBlcnM6AHJvc3MyMDA2LnBkZgAOABoADAByAG8AcwBzADIAMAAwADYALgBwAGQAZgAPABoADABNAGEAYwBpAG4AdABvAHMAaAAgAEgARAASAEVVc2Vycy9zaGFua2FyL0RyaXZlL2RvY3MvdGVjaG5pY2FsX3BhcGVycy9iaWJkZXNrX3BhcGVycy9yb3NzMjAwNi5wZGYAABMAAS8AABUAAgAO//8AAIAG0hscHR5aJGNsYXNzbmFtZVgkY2xhc3Nlc11OU011dGFibGVEYXRhox0fIFZOU0RhdGFYTlNPYmplY3TSGxwiI1xOU0RpY3Rpb25hcnmiIiBfEA9OU0tleWVkQXJjaGl2ZXLRJidUcm9vdIABAAgAEQAaACMALQAyADcAQABGAE0AVQBgAGcAagBsAG4AcQBzAHUAdwCEAI4AzgDTANsCrQKvArQCvwLIAtYC2gLhAuoC7wL8Av8DEQMUAxkAAAAAAAACAQAAAAAAAAAoAAAAAAAAAAAAAAAAAAADGw==}}

@article{ross2007,
	Annote = {doi: 10.1137/060663374},
	Author = {Ross, S. and Scheeres, D.},
	Booktitle = {SIAM Journal on Applied Dynamical Systems},
	Da = {2007/01/01},
	Date = {2007/01/01},
	Date-Added = {2014-10-30 00:49:33 +0000},
	Date-Modified = {2014-10-30 00:50:04 +0000},
	Doi = {10.1137/060663374},
	Journal = {SIAM Journal on Applied Dynamical Systems},
	Journal1 = {SIAM J. Appl. Dyn. Syst.},
	M3 = {doi: 10.1137/060663374},
	Month = {2014/10/27},
	Number = {3},
	Pages = {576--596},
	Publisher = {Society for Industrial and Applied Mathematics},
	Title = {Multiple Gravity Assists, Capture, and Escape in the Restricted Three-Body Problem},
	Ty = {JOUR},
	Url = {http://dx.doi.org/10.1137/060663374},
	Volume = {6},
	Year = {2007},
	Year1 = {2007},
	Bdsk-File-1 = {YnBsaXN0MDDUAQIDBAUGJCVYJHZlcnNpb25YJG9iamVjdHNZJGFyY2hpdmVyVCR0b3ASAAGGoKgHCBMUFRYaIVUkbnVsbNMJCgsMDxJXTlMua2V5c1pOUy5vYmplY3RzViRjbGFzc6INDoACgAOiEBGABIAFgAdccmVsYXRpdmVQYXRoWWFsaWFzRGF0YV8QPS4uLy4uLy4uLy4uL2RvY3MvdGVjaG5pY2FsX3BhcGVycy9iaWJkZXNrX3BhcGVycy9yb3NzMjAwNy5wZGbSFwsYGVdOUy5kYXRhTxEBzgAAAAABzgACAAAMTWFjaW50b3NoIEhEAAAAAAAAAAAAAAAAAAAA0KjgG0grAAAACudSDHJvc3MyMDA3LnBkZgAAAAAAAAAAAAAAAAAAAAAAAAAAAAAAAAAAAAAAAAAAAAAAAAAAAAAAAAAAAAAAAAAAAAAK7fvQdAJXAAAAAAAAAAAABAAEAAAJIAAAAAAAAAAAAAAAAAAAAA5iaWJkZXNrX3BhcGVycwAQAAgAANCpJmsAAAARAAgAANB0OpcAAAABABgACudSAArXUAAK1zoACtUuAAYeewACk6AAAgBYTWFjaW50b3NoIEhEOlVzZXJzOgBzaGFua2FyOgBEcml2ZToAZG9jczoAdGVjaG5pY2FsX3BhcGVyczoAYmliZGVza19wYXBlcnM6AHJvc3MyMDA3LnBkZgAOABoADAByAG8AcwBzADIAMAAwADcALgBwAGQAZgAPABoADABNAGEAYwBpAG4AdABvAHMAaAAgAEgARAASAEVVc2Vycy9zaGFua2FyL0RyaXZlL2RvY3MvdGVjaG5pY2FsX3BhcGVycy9iaWJkZXNrX3BhcGVycy9yb3NzMjAwNy5wZGYAABMAAS8AABUAAgAO//8AAIAG0hscHR5aJGNsYXNzbmFtZVgkY2xhc3Nlc11OU011dGFibGVEYXRhox0fIFZOU0RhdGFYTlNPYmplY3TSGxwiI1xOU0RpY3Rpb25hcnmiIiBfEA9OU0tleWVkQXJjaGl2ZXLRJidUcm9vdIABAAgAEQAaACMALQAyADcAQABGAE0AVQBgAGcAagBsAG4AcQBzAHUAdwCEAI4AzgDTANsCrQKvArQCvwLIAtYC2gLhAuoC7wL8Av8DEQMUAxkAAAAAAAACAQAAAAAAAAAoAAAAAAAAAAAAAAAAAAADGw==},
	Bdsk-Url-1 = {http://dx.doi.org/10.1137/060663374}}

@book{strang2008,
	Author = {Strang, Gilbert},
	Date-Added = {2015-07-31 16:04:34 +0000},
	Date-Modified = {2015-07-31 16:05:38 +0000},
	Publisher = {Wellesley-Cambridge Press},
	Title = {Linear Algebra and Its Applications},
	Year = {2008}}

@conference{holzinger2009,
	Author = {Holzinger, Marcus and Scheeres, Daniel},
	Booktitle = {Advanced Maui Optical and Space Surveillance Technologies Conference},
	Date-Added = {2014-12-22 15:23:25 +0000},
	Date-Modified = {2014-12-22 15:24:01 +0000},
	Institution = {DTIC Document},
	Title = {Reachability Analysis Applied to Space Situational Awareness},
	Year = {2009},
	Bdsk-File-1 = {YnBsaXN0MDDUAQIDBAUGJCVYJHZlcnNpb25YJG9iamVjdHNZJGFyY2hpdmVyVCR0b3ASAAGGoKgHCBMUFRYaIVUkbnVsbNMJCgsMDxJXTlMua2V5c1pOUy5vYmplY3RzViRjbGFzc6INDoACgAOiEBGABIAFgAdccmVsYXRpdmVQYXRoWWFsaWFzRGF0YV8QQi4uLy4uLy4uLy4uL2RvY3MvdGVjaG5pY2FsX3BhcGVycy9iaWJkZXNrX3BhcGVycy9ob2x6aW5nZXIyMDA5LnBkZtIXCxgZV05TLmRhdGFPEQHiAAAAAAHiAAIAAAxNYWNpbnRvc2ggSEQAAAAAAAAAAAAAAAAAAADQqOAbSCsAAAAK51IRaG9semluZ2VyMjAwOS5wZGYAAAAAAAAAAAAAAAAAAAAAAAAAAAAAAAAAAAAAAAAAAAAAAAAAAAAAAAAAAAAAAArYPtB+jOAAAAAAAAAAAAAEAAQAAAkgAAAAAAAAAAAAAAAAAAAADmJpYmRlc2tfcGFwZXJzABAACAAA0KkmawAAABEACAAA0H7TMAAAAAEAGAAK51IACtdQAArXOgAK1S4ABh57AAKToAACAF1NYWNpbnRvc2ggSEQ6VXNlcnM6AHNoYW5rYXI6AERyaXZlOgBkb2NzOgB0ZWNobmljYWxfcGFwZXJzOgBiaWJkZXNrX3BhcGVyczoAaG9semluZ2VyMjAwOS5wZGYAAA4AJAARAGgAbwBsAHoAaQBuAGcAZQByADIAMAAwADkALgBwAGQAZgAPABoADABNAGEAYwBpAG4AdABvAHMAaAAgAEgARAASAEpVc2Vycy9zaGFua2FyL0RyaXZlL2RvY3MvdGVjaG5pY2FsX3BhcGVycy9iaWJkZXNrX3BhcGVycy9ob2x6aW5nZXIyMDA5LnBkZgATAAEvAAAVAAIADv//AACABtIbHB0eWiRjbGFzc25hbWVYJGNsYXNzZXNdTlNNdXRhYmxlRGF0YaMdHyBWTlNEYXRhWE5TT2JqZWN00hscIiNcTlNEaWN0aW9uYXJ5oiIgXxAPTlNLZXllZEFyY2hpdmVy0SYnVHJvb3SAAQAIABEAGgAjAC0AMgA3AEAARgBNAFUAYABnAGoAbABuAHEAcwB1AHcAhACOANMA2ADgAsYCyALNAtgC4QLvAvMC+gMDAwgDFQMYAyoDLQMyAAAAAAAAAgEAAAAAAAAAKAAAAAAAAAAAAAAAAAAAAzQ=}}

@article{mingotti2009,
	Author = {Mingotti, G and Topputo, F and Bernelli-Zazzera, F},
	Date-Added = {2014-10-14 12:08:54 +0000},
	Date-Modified = {2014-10-14 12:08:55 +0000},
	Journal = {Celestial Mechanics and Dynamical Astronomy},
	Number = {1-3},
	Pages = {61--74},
	Publisher = {Springer},
	Title = {Low-energy, low-thrust transfers to the Moon},
	Volume = {105},
	Year = {2009},
	Bdsk-File-1 = {YnBsaXN0MDDUAQIDBAUGJCVYJHZlcnNpb25YJG9iamVjdHNZJGFyY2hpdmVyVCR0b3ASAAGGoKgHCBMUFRYaIVUkbnVsbNMJCgsMDxJXTlMua2V5c1pOUy5vYmplY3RzViRjbGFzc6INDoACgAOiEBGABIAFgAdccmVsYXRpdmVQYXRoWWFsaWFzRGF0YV8QQS4uLy4uLy4uLy4uL2RvY3MvdGVjaG5pY2FsX3BhcGVycy9iaWJkZXNrX3BhcGVycy9taW5nb3R0aTIwMDkucGRm0hcLGBlXTlMuZGF0YU8RAd4AAAAAAd4AAgAADE1hY2ludG9zaCBIRAAAAAAAAAAAAAAAAAAAANCo4BtIKwAAAArnUhBtaW5nb3R0aTIwMDkucGRmAAAAAAAAAAAAAAAAAAAAAAAAAAAAAAAAAAAAAAAAAAAAAAAAAAAAAAAAAAAAAAAACu4w0Er6UgAAAAAAAAAAAAQABAAACSAAAAAAAAAAAAAAAAAAAAAOYmliZGVza19wYXBlcnMAEAAIAADQqSZrAAAAEQAIAADQSzKSAAAAAQAYAArnUgAK11AACtc6AArVLgAGHnsAApOgAAIAXE1hY2ludG9zaCBIRDpVc2VyczoAc2hhbmthcjoARHJpdmU6AGRvY3M6AHRlY2huaWNhbF9wYXBlcnM6AGJpYmRlc2tfcGFwZXJzOgBtaW5nb3R0aTIwMDkucGRmAA4AIgAQAG0AaQBuAGcAbwB0AHQAaQAyADAAMAA5AC4AcABkAGYADwAaAAwATQBhAGMAaQBuAHQAbwBzAGgAIABIAEQAEgBJVXNlcnMvc2hhbmthci9Ecml2ZS9kb2NzL3RlY2huaWNhbF9wYXBlcnMvYmliZGVza19wYXBlcnMvbWluZ290dGkyMDA5LnBkZgAAEwABLwAAFQACAA7//wAAgAbSGxwdHlokY2xhc3NuYW1lWCRjbGFzc2VzXU5TTXV0YWJsZURhdGGjHR8gVk5TRGF0YVhOU09iamVjdNIbHCIjXE5TRGljdGlvbmFyeaIiIF8QD05TS2V5ZWRBcmNoaXZlctEmJ1Ryb290gAEACAARABoAIwAtADIANwBAAEYATQBVAGAAZwBqAGwAbgBxAHMAdQB3AIQAjgDSANcA3wLBAsMCyALTAtwC6gLuAvUC/gMDAxADEwMlAygDLQAAAAAAAAIBAAAAAAAAACgAAAAAAAAAAAAAAAAAAAMv}}

@article{ozimek2010a,
	Abstract = {Preliminary designs of low-thrust transfer trajectories are developed in the Earth--moon three-body problem with variable specific impulse engines and fixed engine power. The solution for a complete time history of the thrust magnitude and direction is initially approached as a calculus of variations problem to locally maximize the final spacecraft mass. The problem is then solved directly by sequential quadratic programming, using either single or multiple shooting. The coasting phase along the transfer exploits invariant manifolds and, when possible, considers locations along the entire manifold surface for insertion. Such an approach allows for a nearly propellant-free final coasting phase along an arc selected from a family of known trajectories that contract to the periodic libration point orbit. This investigation includes transfer trajectories from an Earth parking orbit to some sample libration point trajectories, including L1 halo orbits, L1 and L2 vertical orbits, and L2 butterfly orbits. Given the availability of variable specific impulse engines in the future, this study indicates that fuel-efficient transfer trajectories could be used in future lunar missions, such as south pole communications satellite architectures.},
	Annote = {doi: 10.2514/1.43179

use the stable/unstalbe manifolds to determine useful low energy transfer orbits

use stable/unstable eigenvectors at an equilibrium point to define initial state direction perturbation to propogate the manifold trajectories

calculus of variations approach by applying all constraints via lagrange multipliers

continuous low thrust dynamics investigated},
	Author = {Ozimek, M. T. and Howell, K. C.},
	Booktitle = {Journal of Guidance, Control, and Dynamics},
	Da = {2010/03/01},
	Date = {2010/03/01},
	Date-Added = {2014-08-16 12:20:50 +0000},
	Date-Modified = {2014-08-19 17:44:03 +0000},
	Doi = {10.2514/1.43179},
	Isbn = {0731-5090},
	Journal = {Journal of Guidance, Control, and Dynamics},
	Journal1 = {Journal of Guidance, Control, and Dynamics},
	M3 = {doi: 10.2514/1.43179},
	Month = {2014/08/16},
	Number = {2},
	Pages = {533--549},
	Publisher = {American Institute of Aeronautics and Astronautics},
	Read = {1},
	Title = {Low-Thrust Transfers in the Earth-Moon System, Including Applications to Libration Point Orbits},
	Ty = {JOUR},
	Url = {http://dx.doi.org/10.2514/1.43179},
	Volume = {33},
	Year = {2010},
	Year1 = {2010},
	Bdsk-File-1 = {YnBsaXN0MDDUAQIDBAUGJCVYJHZlcnNpb25YJG9iamVjdHNZJGFyY2hpdmVyVCR0b3ASAAGGoKgHCBMUFRYaIVUkbnVsbNMJCgsMDxJXTlMua2V5c1pOUy5vYmplY3RzViRjbGFzc6INDoACgAOiEBGABIAFgAdccmVsYXRpdmVQYXRoWWFsaWFzRGF0YV8QQC4uLy4uLy4uLy4uL2RvY3MvdGVjaG5pY2FsX3BhcGVycy9iaWJkZXNrX3BhcGVycy9vemltZWsyMDEwYS5wZGbSFwsYGVdOUy5kYXRhTxEB2gAAAAAB2gACAAAMTWFjaW50b3NoIEhEAAAAAAAAAAAAAAAAAAAA0KjgG0grAAAACudSD296aW1lazIwMTBhLnBkZgAAAAAAAAAAAAAAAAAAAAAAAAAAAAAAAAAAAAAAAAAAAAAAAAAAAAAAAAAAAAAAAAAK74/QGQUDAAAAAAAAAAAABAAEAAAJIAAAAAAAAAAAAAAAAAAAAA5iaWJkZXNrX3BhcGVycwAQAAgAANCpJmsAAAARAAgAANAZPUMAAAABABgACudSAArXUAAK1zoACtUuAAYeewACk6AAAgBbTWFjaW50b3NoIEhEOlVzZXJzOgBzaGFua2FyOgBEcml2ZToAZG9jczoAdGVjaG5pY2FsX3BhcGVyczoAYmliZGVza19wYXBlcnM6AG96aW1lazIwMTBhLnBkZgAADgAgAA8AbwB6AGkAbQBlAGsAMgAwADEAMABhAC4AcABkAGYADwAaAAwATQBhAGMAaQBuAHQAbwBzAGgAIABIAEQAEgBIVXNlcnMvc2hhbmthci9Ecml2ZS9kb2NzL3RlY2huaWNhbF9wYXBlcnMvYmliZGVza19wYXBlcnMvb3ppbWVrMjAxMGEucGRmABMAAS8AABUAAgAO//8AAIAG0hscHR5aJGNsYXNzbmFtZVgkY2xhc3Nlc11OU011dGFibGVEYXRhox0fIFZOU0RhdGFYTlNPYmplY3TSGxwiI1xOU0RpY3Rpb25hcnmiIiBfEA9OU0tleWVkQXJjaGl2ZXLRJidUcm9vdIABAAgAEQAaACMALQAyADcAQABGAE0AVQBgAGcAagBsAG4AcQBzAHUAdwCEAI4A0QDWAN4CvAK+AsMCzgLXAuUC6QLwAvkC/gMLAw4DIAMjAygAAAAAAAACAQAAAAAAAAAoAAAAAAAAAAAAAAAAAAADKg==},
	Bdsk-Url-1 = {http://dx.doi.org/10.2514/1.43179}}

@article{grebow2011,
	Author = {Grebow, Daniel J. and Ozimek, Martin T. and Howell, Kathleen C.},
	Date-Added = {2015-04-11 00:44:29 +0000},
	Date-Modified = {2015-04-11 00:45:14 +0000},
	Doi = {10.1007/BF03321159},
	Issn = {0021-9142},
	Journal = {The Journal of the Astronautical Sciences},
	Language = {English},
	Number = {1},
	Pages = {55-79},
	Publisher = {Springer-Verlag},
	Title = {Design of Optimal Low-Thrust Lunar Pole-Sitter Missions},
	Url = {http://dx.doi.org/10.1007/BF03321159},
	Volume = {58},
	Year = {2011},
	Bdsk-File-1 = {YnBsaXN0MDDUAQIDBAUGJCVYJHZlcnNpb25YJG9iamVjdHNZJGFyY2hpdmVyVCR0b3ASAAGGoKgHCBMUFRYaIVUkbnVsbNMJCgsMDxJXTlMua2V5c1pOUy5vYmplY3RzViRjbGFzc6INDoACgAOiEBGABIAFgAdccmVsYXRpdmVQYXRoWWFsaWFzRGF0YV8QPy4uLy4uLy4uLy4uL2RvY3MvdGVjaG5pY2FsX3BhcGVycy9iaWJkZXNrX3BhcGVycy9ncmVib3cyMDExLnBkZtIXCxgZV05TLmRhdGFPEQHWAAAAAAHWAAIAAAxNYWNpbnRvc2ggSEQAAAAAAAAAAAAAAAAAAADQqOAbSCsAAAAK51IOZ3JlYm93MjAxMS5wZGYAAAAAAAAAAAAAAAAAAAAAAAAAAAAAAAAAAAAAAAAAAAAAAAAAAAAAAAAAAAAAAAAAADBnAtFNxYgAAAAAAAAAAAAEAAQAAAkgAAAAAAAAAAAAAAAAAAAADmJpYmRlc2tfcGFwZXJzABAACAAA0KkmawAAABEACAAA0U39yAAAAAEAGAAK51IACtdQAArXOgAK1S4ABh57AAKToAACAFpNYWNpbnRvc2ggSEQ6VXNlcnM6AHNoYW5rYXI6AERyaXZlOgBkb2NzOgB0ZWNobmljYWxfcGFwZXJzOgBiaWJkZXNrX3BhcGVyczoAZ3JlYm93MjAxMS5wZGYADgAeAA4AZwByAGUAYgBvAHcAMgAwADEAMQAuAHAAZABmAA8AGgAMAE0AYQBjAGkAbgB0AG8AcwBoACAASABEABIAR1VzZXJzL3NoYW5rYXIvRHJpdmUvZG9jcy90ZWNobmljYWxfcGFwZXJzL2JpYmRlc2tfcGFwZXJzL2dyZWJvdzIwMTEucGRmAAATAAEvAAAVAAIADv//AACABtIbHB0eWiRjbGFzc25hbWVYJGNsYXNzZXNdTlNNdXRhYmxlRGF0YaMdHyBWTlNEYXRhWE5TT2JqZWN00hscIiNcTlNEaWN0aW9uYXJ5oiIgXxAPTlNLZXllZEFyY2hpdmVy0SYnVHJvb3SAAQAIABEAGgAjAC0AMgA3AEAARgBNAFUAYABnAGoAbABuAHEAcwB1AHcAhACOANAA1QDdArcCuQK+AskC0gLgAuQC6wL0AvkDBgMJAxsDHgMjAAAAAAAAAgEAAAAAAAAAKAAAAAAAAAAAAAAAAAAAAyU=},
	Bdsk-Url-1 = {http://dx.doi.org/10.1007/BF03321159}}

@article{mingotti2011,
	Abstract = {In this paper novel Earth--Mars transfers are presented. These transfers exploit the natural dynamics of n-body models as well as the high specific impulse typical of low- thrust systems. The Moon-perturbed version of the Sun--Earth problem is introduced to design ballistic escape orbits performing lunar gravity assists. The ballistic capture is designed in the Sun--Mars system where special attainable sets are defined and used to handle the low- thrust control. The complete trajectory is optimized in the full n-body problem which takes into account planets' orbital inclinations and eccentricities. Accurate, efficient solutions with reasonable flight times are presented and compared with known results.},
	Annote = {use of low-thrust transfers rather than impulsive manuevers

define attainable sets rather than the intersection of invariant manifolds

lots of good reference about low thrust and stable manifolds

earth escape velocity is less than the standard hyperbolic escape. referred to as ballistic escape by exploiting the sun/moon gravity fields

uses a restricted four body problem by treating the moon as a perturbing force in the three body system but equilibrium points, periodic orbits, and invariant manifolds disappear . loss of geometrical properties

sets defined that govern intersection of transfer/parking orbits

a thrust law is given in equation 12. increase velocity in heliocentric orbit then decrease energy when in the sun/mars regime

transfer is assumed complete when spacecraft reaches periapsis around mars. may not be in a mars orbit?

spacecraft trajectory is optimized within a full 4-body dynamical model of the system

optimization routine broken up into stages(earth depart, heliocentric, mars arrival) to avoid large distance changes

whole transfer trajectory is discretized

time intervals are chosen by hand and vary by regime (short near earth/mars and longer in the heliocentric phase)

},
	Author = {Mingotti, G. and Topputo, F. and Bernelli-Zazzera, F.},
	Date-Added = {2014-08-16 12:21:03 +0000},
	Date-Modified = {2014-08-19 12:39:24 +0000},
	Doi = {10.1007/s10569-011-9343-5},
	Issn = {0923-2958},
	Journal = {Celestial Mechanics and Dynamical Astronomy},
	Keywords = {Restricted three-body problem; Invariant manifolds; Low-thrust transfer; n-body models; Ballistic capture; Lunar-gravity assist},
	Language = {English},
	Number = {2},
	Pages = {169-188},
	Publisher = {Springer Netherlands},
	Read = {1},
	Title = {Earth--Mars transfers with ballistic escape and low-thrust capture},
	Url = {http://dx.doi.org/10.1007/s10569-011-9343-5},
	Volume = {110},
	Year = {2011},
	Bdsk-File-1 = {YnBsaXN0MDDUAQIDBAUGJCVYJHZlcnNpb25YJG9iamVjdHNZJGFyY2hpdmVyVCR0b3ASAAGGoKgHCBMUFRYaIVUkbnVsbNMJCgsMDxJXTlMua2V5c1pOUy5vYmplY3RzViRjbGFzc6INDoACgAOiEBGABIAFgAdccmVsYXRpdmVQYXRoWWFsaWFzRGF0YV8QQS4uLy4uLy4uLy4uL2RvY3MvdGVjaG5pY2FsX3BhcGVycy9iaWJkZXNrX3BhcGVycy9taW5nb3R0aTIwMTEucGRm0hcLGBlXTlMuZGF0YU8RAd4AAAAAAd4AAgAADE1hY2ludG9zaCBIRAAAAAAAAAAAAAAAAAAAANCo4BtIKwAAAArnUhBtaW5nb3R0aTIwMTEucGRmAAAAAAAAAAAAAAAAAAAAAAAAAAAAAAAAAAAAAAAAAAAAAAAAAAAAAAAAAAAAAAAACukZ0Bi9pAAAAAAAAAAAAAQABAAACSAAAAAAAAAAAAAAAAAAAAAOYmliZGVza19wYXBlcnMAEAAIAADQqSZrAAAAEQAIAADQGPXkAAAAAQAYAArnUgAK11AACtc6AArVLgAGHnsAApOgAAIAXE1hY2ludG9zaCBIRDpVc2VyczoAc2hhbmthcjoARHJpdmU6AGRvY3M6AHRlY2huaWNhbF9wYXBlcnM6AGJpYmRlc2tfcGFwZXJzOgBtaW5nb3R0aTIwMTEucGRmAA4AIgAQAG0AaQBuAGcAbwB0AHQAaQAyADAAMQAxAC4AcABkAGYADwAaAAwATQBhAGMAaQBuAHQAbwBzAGgAIABIAEQAEgBJVXNlcnMvc2hhbmthci9Ecml2ZS9kb2NzL3RlY2huaWNhbF9wYXBlcnMvYmliZGVza19wYXBlcnMvbWluZ290dGkyMDExLnBkZgAAEwABLwAAFQACAA7//wAAgAbSGxwdHlokY2xhc3NuYW1lWCRjbGFzc2VzXU5TTXV0YWJsZURhdGGjHR8gVk5TRGF0YVhOU09iamVjdNIbHCIjXE5TRGljdGlvbmFyeaIiIF8QD05TS2V5ZWRBcmNoaXZlctEmJ1Ryb290gAEACAARABoAIwAtADIANwBAAEYATQBVAGAAZwBqAGwAbgBxAHMAdQB3AIQAjgDSANcA3wLBAsMCyALTAtwC6gLuAvUC/gMDAxADEwMlAygDLQAAAAAAAAIBAAAAAAAAACgAAAAAAAAAAAAAAAAAAAMv},
	Bdsk-Url-1 = {http://dx.doi.org/10.1007/s10569-011-9343-5}}

@article{tanaka2011,
	Abstract = {The development of electric propulsion systems such as ion engines has brought low-thrust control into practical use. This has made the design of spacecraft trajectories with low continuous thrust more and more demanding. This work concerns low-energy transfer trajectories between the Jupiter satellites using effectively the n-body dynamics in the Jupiter system and low-thrust controls. To analyze the dynamics of n-body models, we use the three-body problem as a model and apply the patched three-body approximation. We also use invariant manifold tubes and the result provides how to connect two different manifolds with low-thrust, low-energy trajectories.},
	Address = {The Department of Aeronautics and Astronautics, The University of Tokyo, 7-3-1, Hongo, Bunkyo-ku, Tokyo-to, Japan},
	An = {1022843991; 16626805},
	Annote = {Date revised - 2012-07-01; Number of references - 1; Last updated - 2012-07-02; Gomez, G; Koon, W S; Lo, W S; Marsden, JE; et al. Connecting orbits and invariant manifolds in the spatial restricted three-body problem. NONLINEARITY, 17. 5 (2004): 1571-1606. IOP PUBLISHING LTD},
	Author = {Tanaka, Keita and Kawaguchi, Jun'ichiro},
	Da = {2011},
	Date-Added = {2014-08-16 12:31:27 +0000},
	Date-Modified = {2015-08-04 01:09:50 +0000},
	Db = {Aerospace Database},
	Isbn = {1081-6003, 1081-6003},
	Journal = {Spaceflight Mechanics},
	Keywords = {Low-thrust transfer, Manifolds, Three-body problem},
	L2 = {http://findit.library.gwu.edu/go?ctx_ver=Z39.88-2004&ctx_enc=info:ofi/enc:UTF-8&rfr_id=info:sid/ProQ%3Aaerospace&rft_val_fmt=info:ofi/fmt:kev:mtx:journal&rft.genre=article&rft.jtitle=Spaceflight+Mechanics&rft.atitle=LOW-THRUST+TRANSFER+BETWEEN+JOVIAN+MOONS+USING+MANIFOLDS&rft.au=Tanaka%2C+Keita%3BKawaguchi%2C+Jun%27ichiro&rft.aulast=Tanaka&rft.aufirst=Keita&rft.date=2011-01-01&rft.volume=140&rft.issue=Part+3&rft.spage=1935&rft.isbn=&rft.btitle=&rft.title=Spaceflight+Mechanics&rft.issn=10816003&rft_id=info:doi/},
	La = {English},
	Number = {Part 3},
	Pages = {1935--1942},
	Publisher = {Univelt, Inc., P.O. Box 28130 San Diego CA 92198-0130 United States},
	Title = {Low-Thrust Transfer between Jovian Moons using Manifolds},
	Ty = {JOUR},
	Url = {http://proxygw.wrlc.org/login?url=http://search.proquest.com/docview/1022843991?accountid=11243},
	Volume = {140},
	Year = {2011},
	Year1 = {2011},
	Bdsk-File-1 = {YnBsaXN0MDDUAQIDBAUGJCVYJHZlcnNpb25YJG9iamVjdHNZJGFyY2hpdmVyVCR0b3ASAAGGoKgHCBMUFRYaIVUkbnVsbNMJCgsMDxJXTlMua2V5c1pOUy5vYmplY3RzViRjbGFzc6INDoACgAOiEBGABIAFgAdccmVsYXRpdmVQYXRoWWFsaWFzRGF0YV8QPy4uLy4uLy4uLy4uL2RvY3MvdGVjaG5pY2FsX3BhcGVycy9iaWJkZXNrX3BhcGVycy90YW5ha2EyMDExLnBkZtIXCxgZV05TLmRhdGFPEQHWAAAAAAHWAAIAAAxNYWNpbnRvc2ggSEQAAAAAAAAAAAAAAAAAAADQqOAbSCsAAAAK51IOdGFuYWthMjAxMS5wZGYAAAAAAAAAAAAAAAAAAAAAAAAAAAAAAAAAAAAAAAAAAAAAAAAAAAAAAAAAAAAAAAAAAAr0M9B7ozAAAAAAAAAAAAAEAAQAAAkgAAAAAAAAAAAAAAAAAAAADmJpYmRlc2tfcGFwZXJzABAACAAA0KkmawAAABEACAAA0HvpgAAAAAEAGAAK51IACtdQAArXOgAK1S4ABh57AAKToAACAFpNYWNpbnRvc2ggSEQ6VXNlcnM6AHNoYW5rYXI6AERyaXZlOgBkb2NzOgB0ZWNobmljYWxfcGFwZXJzOgBiaWJkZXNrX3BhcGVyczoAdGFuYWthMjAxMS5wZGYADgAeAA4AdABhAG4AYQBrAGEAMgAwADEAMQAuAHAAZABmAA8AGgAMAE0AYQBjAGkAbgB0AG8AcwBoACAASABEABIAR1VzZXJzL3NoYW5rYXIvRHJpdmUvZG9jcy90ZWNobmljYWxfcGFwZXJzL2JpYmRlc2tfcGFwZXJzL3RhbmFrYTIwMTEucGRmAAATAAEvAAAVAAIADv//AACABtIbHB0eWiRjbGFzc25hbWVYJGNsYXNzZXNdTlNNdXRhYmxlRGF0YaMdHyBWTlNEYXRhWE5TT2JqZWN00hscIiNcTlNEaWN0aW9uYXJ5oiIgXxAPTlNLZXllZEFyY2hpdmVy0SYnVHJvb3SAAQAIABEAGgAjAC0AMgA3AEAARgBNAFUAYABnAGoAbABuAHEAcwB1AHcAhACOANAA1QDdArcCuQK+AskC0gLgAuQC6wL0AvkDBgMJAxsDHgMjAAAAAAAAAgEAAAAAAAAAKAAAAAAAAAAAAAAAAAAAAyU=},
	Bdsk-Url-1 = {http://proxygw.wrlc.org/login?url=http://search.proquest.com/docview/1022843991?accountid=11243}}

@article{mingotti2011a,
	Abstract = {A method to incorporate low-thrust propulsion into the invariant manifolds technique is presented in this paper. The low-thrust propulsion is introduced by means of special attainable sets that are used in conjunction with invariant manifolds to define a first-guess solution. This is later optimized in a more refined model where an optimal control formalism is used. Planar low-energy low-thrust transfers to the moon, as well as spatial low-thrust stable-manifold transfers to halo orbits in the Earth-moon system, are presented. These solutions are not achievable via patohed-conics methods or standard invariant manifolds techniques. The aim of the work is to demonstrate the usefulness of the proposed method in delivering efficient solutions, which are compared with known examples.},
	Author = {Mingotti,Giorgio and Topputo,Francesco and Bernelli-Zazzera,Franco},
	Date-Added = {2014-08-16 12:29:11 +0000},
	Date-Modified = {2014-10-29 00:21:50 +0000},
	Isbn = {0731-5090, 0731-5090},
	Journal = {Journal of Guidance, Control and Dynamics},
	Keywords = {Low-thrust transfer, Manifolds, Three-body problem},
	Language = {English},
	Month = {11},
	Note = {Date revised - 2012-05-01; Last updated - 2012-05-04},
	Number = {6},
	Pages = {1644-1655},
	Title = {Optimal Low-Thrust Invariant Manifold Trajectories via Attainable Sets},
	Url = {http://search.proquest.com/docview/1009814194?accountid=11243},
	Volume = {34},
	Year = {2011},
	Bdsk-File-1 = {YnBsaXN0MDDUAQIDBAUGJCVYJHZlcnNpb25YJG9iamVjdHNZJGFyY2hpdmVyVCR0b3ASAAGGoKgHCBMUFRYaIVUkbnVsbNMJCgsMDxJXTlMua2V5c1pOUy5vYmplY3RzViRjbGFzc6INDoACgAOiEBGABIAFgAdccmVsYXRpdmVQYXRoWWFsaWFzRGF0YV8QQi4uLy4uLy4uLy4uL2RvY3MvdGVjaG5pY2FsX3BhcGVycy9iaWJkZXNrX3BhcGVycy9taW5nb3R0aTIwMTFhLnBkZtIXCxgZV05TLmRhdGFPEQHiAAAAAAHiAAIAAAxNYWNpbnRvc2ggSEQAAAAAAAAAAAAAAAAAAADQqOAbSCsAAAAK51IRbWluZ290dGkyMDExYS5wZGYAAAAAAAAAAAAAAAAAAAAAAAAAAAAAAAAAAAAAAAAAAAAAAAAAAAAAAAAAAAAAAArxAtB7omAAAAAAAAAAAAAEAAQAAAkgAAAAAAAAAAAAAAAAAAAADmJpYmRlc2tfcGFwZXJzABAACAAA0KkmawAAABEACAAA0HvosAAAAAEAGAAK51IACtdQAArXOgAK1S4ABh57AAKToAACAF1NYWNpbnRvc2ggSEQ6VXNlcnM6AHNoYW5rYXI6AERyaXZlOgBkb2NzOgB0ZWNobmljYWxfcGFwZXJzOgBiaWJkZXNrX3BhcGVyczoAbWluZ290dGkyMDExYS5wZGYAAA4AJAARAG0AaQBuAGcAbwB0AHQAaQAyADAAMQAxAGEALgBwAGQAZgAPABoADABNAGEAYwBpAG4AdABvAHMAaAAgAEgARAASAEpVc2Vycy9zaGFua2FyL0RyaXZlL2RvY3MvdGVjaG5pY2FsX3BhcGVycy9iaWJkZXNrX3BhcGVycy9taW5nb3R0aTIwMTFhLnBkZgATAAEvAAAVAAIADv//AACABtIbHB0eWiRjbGFzc25hbWVYJGNsYXNzZXNdTlNNdXRhYmxlRGF0YaMdHyBWTlNEYXRhWE5TT2JqZWN00hscIiNcTlNEaWN0aW9uYXJ5oiIgXxAPTlNLZXllZEFyY2hpdmVy0SYnVHJvb3SAAQAIABEAGgAjAC0AMgA3AEAARgBNAFUAYABnAGoAbABuAHEAcwB1AHcAhACOANMA2ADgAsYCyALNAtgC4QLvAvMC+gMDAwgDFQMYAyoDLQMyAAAAAAAAAgEAAAAAAAAAKAAAAAAAAAAAAAAAAAAAAzQ=},
	Bdsk-Url-1 = {http://search.proquest.com/docview/1009814194?accountid=11243}}

@article{caillau2012,
	Author = {Caillau, J-B and Daoud, Bilel and Gergaud, Joseph},
	Date-Added = {2014-10-15 11:54:24 +0000},
	Date-Modified = {2014-10-15 11:54:25 +0000},
	Journal = {Celestial Mechanics and Dynamical Astronomy},
	Number = {1-2},
	Pages = {137--150},
	Publisher = {Springer},
	Title = {Minimum fuel control of the planar circular restricted three-body problem},
	Volume = {114},
	Year = {2012},
	Bdsk-File-1 = {YnBsaXN0MDDUAQIDBAUGJCVYJHZlcnNpb25YJG9iamVjdHNZJGFyY2hpdmVyVCR0b3ASAAGGoKgHCBMUFRYaIVUkbnVsbNMJCgsMDxJXTlMua2V5c1pOUy5vYmplY3RzViRjbGFzc6INDoACgAOiEBGABIAFgAdccmVsYXRpdmVQYXRoWWFsaWFzRGF0YV8QQC4uLy4uLy4uLy4uL2RvY3MvdGVjaG5pY2FsX3BhcGVycy9iaWJkZXNrX3BhcGVycy9jYWlsbGF1MjAxMi5wZGbSFwsYGVdOUy5kYXRhTxEB2gAAAAAB2gACAAAMTWFjaW50b3NoIEhEAAAAAAAAAAAAAAAAAAAA0KjgG0grAAAACudSD2NhaWxsYXUyMDEyLnBkZgAAAAAAAAAAAAAAAAAAAAAAAAAAAAAAAAAAAAAAAAAAAAAAAAAAAAAAAAAAAAAAAAAK7m3QVYwbAAAAAAAAAAAABAAEAAAJIAAAAAAAAAAAAAAAAAAAAA5iaWJkZXNrX3BhcGVycwAQAAgAANCpJmsAAAARAAgAANBVxFsAAAABABgACudSAArXUAAK1zoACtUuAAYeewACk6AAAgBbTWFjaW50b3NoIEhEOlVzZXJzOgBzaGFua2FyOgBEcml2ZToAZG9jczoAdGVjaG5pY2FsX3BhcGVyczoAYmliZGVza19wYXBlcnM6AGNhaWxsYXUyMDEyLnBkZgAADgAgAA8AYwBhAGkAbABsAGEAdQAyADAAMQAyAC4AcABkAGYADwAaAAwATQBhAGMAaQBuAHQAbwBzAGgAIABIAEQAEgBIVXNlcnMvc2hhbmthci9Ecml2ZS9kb2NzL3RlY2huaWNhbF9wYXBlcnMvYmliZGVza19wYXBlcnMvY2FpbGxhdTIwMTIucGRmABMAAS8AABUAAgAO//8AAIAG0hscHR5aJGNsYXNzbmFtZVgkY2xhc3Nlc11OU011dGFibGVEYXRhox0fIFZOU0RhdGFYTlNPYmplY3TSGxwiI1xOU0RpY3Rpb25hcnmiIiBfEA9OU0tleWVkQXJjaGl2ZXLRJidUcm9vdIABAAgAEQAaACMALQAyADcAQABGAE0AVQBgAGcAagBsAG4AcQBzAHUAdwCEAI4A0QDWAN4CvAK+AsMCzgLXAuUC6QLwAvkC/gMLAw4DIAMjAygAAAAAAAACAQAAAAAAAAAoAAAAAAAAAAAAAAAAAAADKg==}}

@article{campagnola2012,
	Author = {Campagnola, Stefano and Skerritt, Paul and Russell, RyanP.},
	Booktitle = {Celestial Mechanics and Dynamical Astronomy},
	Da = {2012/07/01},
	Date-Added = {2014-10-06 12:01:26 +0000},
	Date-Modified = {2014-10-06 12:01:28 +0000},
	Doi = {10.1007/s10569-012-9427-x},
	Isbn = {0923-2958},
	J2 = {Celest Mech Dyn Astr},
	Keywords = {Artificial Satellites; Three-body problem; Gravity-assisted flyby; Numerical methods; Trajectory Design; Keplerian map; Jupiter moon tour; Tisserand-Poincar{\'e}graph},
	La = {English},
	Number = {3},
	Pages = {343-368},
	Publisher = {Springer Netherlands},
	Title = {Flybys in the planar, circular, restricted, three-body problem},
	Ty = {JOUR},
	Url = {http://dx.doi.org/10.1007/s10569-012-9427-x},
	Volume = {113},
	Year = {2012},
	Bdsk-File-1 = {YnBsaXN0MDDUAQIDBAUGJCVYJHZlcnNpb25YJG9iamVjdHNZJGFyY2hpdmVyVCR0b3ASAAGGoKgHCBMUFRYaIVUkbnVsbNMJCgsMDxJXTlMua2V5c1pOUy5vYmplY3RzViRjbGFzc6INDoACgAOiEBGABIAFgAdccmVsYXRpdmVQYXRoWWFsaWFzRGF0YV8QQy4uLy4uLy4uLy4uL2RvY3MvdGVjaG5pY2FsX3BhcGVycy9iaWJkZXNrX3BhcGVycy9jYW1wYWdub2xhMjAxMi5wZGbSFwsYGVdOUy5kYXRhTxEB5gAAAAAB5gACAAAMTWFjaW50b3NoIEhEAAAAAAAAAAAAAAAAAAAA0KjgG0grAAAACudSEmNhbXBhZ25vbGEyMDEyLnBkZgAAAAAAAAAAAAAAAAAAAAAAAAAAAAAAAAAAAAAAAAAAAAAAAAAAAAAAAAAAAAAK7M3QTt6iAAAAAAAAAAAABAAEAAAJIAAAAAAAAAAAAAAAAAAAAA5iaWJkZXNrX3BhcGVycwAQAAgAANCpJmsAAAARAAgAANBPFuIAAAABABgACudSAArXUAAK1zoACtUuAAYeewACk6AAAgBeTWFjaW50b3NoIEhEOlVzZXJzOgBzaGFua2FyOgBEcml2ZToAZG9jczoAdGVjaG5pY2FsX3BhcGVyczoAYmliZGVza19wYXBlcnM6AGNhbXBhZ25vbGEyMDEyLnBkZgAOACYAEgBjAGEAbQBwAGEAZwBuAG8AbABhADIAMAAxADIALgBwAGQAZgAPABoADABNAGEAYwBpAG4AdABvAHMAaAAgAEgARAASAEtVc2Vycy9zaGFua2FyL0RyaXZlL2RvY3MvdGVjaG5pY2FsX3BhcGVycy9iaWJkZXNrX3BhcGVycy9jYW1wYWdub2xhMjAxMi5wZGYAABMAAS8AABUAAgAO//8AAIAG0hscHR5aJGNsYXNzbmFtZVgkY2xhc3Nlc11OU011dGFibGVEYXRhox0fIFZOU0RhdGFYTlNPYmplY3TSGxwiI1xOU0RpY3Rpb25hcnmiIiBfEA9OU0tleWVkQXJjaGl2ZXLRJidUcm9vdIABAAgAEQAaACMALQAyADcAQABGAE0AVQBgAGcAagBsAG4AcQBzAHUAdwCEAI4A1ADZAOECywLNAtIC3QLmAvQC+AL/AwgDDQMaAx0DLwMyAzcAAAAAAAACAQAAAAAAAAAoAAAAAAAAAAAAAAAAAAADOQ==},
	Bdsk-Url-1 = {http://dx.doi.org/10.1007/s10569-012-9427-x}}

@inproceedings{komendera2012a,
	Author = {Komendera, Erik Edmund and Scheeres, Daniel J and Bradley, Elizabeth},
	Booktitle = {IAAI},
	Date-Added = {2014-10-14 12:07:45 +0000},
	Date-Modified = {2014-10-14 12:07:46 +0000},
	Title = {Intelligent Computation of Reachability Sets for Space Missions.},
	Year = {2012},
	Bdsk-File-1 = {YnBsaXN0MDDUAQIDBAUGJCVYJHZlcnNpb25YJG9iamVjdHNZJGFyY2hpdmVyVCR0b3ASAAGGoKgHCBMUFRYaIVUkbnVsbNMJCgsMDxJXTlMua2V5c1pOUy5vYmplY3RzViRjbGFzc6INDoACgAOiEBGABIAFgAdccmVsYXRpdmVQYXRoWWFsaWFzRGF0YV8QQy4uLy4uLy4uLy4uL2RvY3MvdGVjaG5pY2FsX3BhcGVycy9iaWJkZXNrX3BhcGVycy9rb21lbmRlcmEyMDEyYS5wZGbSFwsYGVdOUy5kYXRhTxEB5gAAAAAB5gACAAAMTWFjaW50b3NoIEhEAAAAAAAAAAAAAAAAAAAA0KjgG0grAAAACudSEmtvbWVuZGVyYTIwMTJhLnBkZgAAAAAAAAAAAAAAAAAAAAAAAAAAAAAAAAAAAAAAAAAAAAAAAAAAAAAAAAAAAAAK9VHQTtWdAAAAAAAAAAAABAAEAAAJIAAAAAAAAAAAAAAAAAAAAA5iaWJkZXNrX3BhcGVycwAQAAgAANCpJmsAAAARAAgAANBPDd0AAAABABgACudSAArXUAAK1zoACtUuAAYeewACk6AAAgBeTWFjaW50b3NoIEhEOlVzZXJzOgBzaGFua2FyOgBEcml2ZToAZG9jczoAdGVjaG5pY2FsX3BhcGVyczoAYmliZGVza19wYXBlcnM6AGtvbWVuZGVyYTIwMTJhLnBkZgAOACYAEgBrAG8AbQBlAG4AZABlAHIAYQAyADAAMQAyAGEALgBwAGQAZgAPABoADABNAGEAYwBpAG4AdABvAHMAaAAgAEgARAASAEtVc2Vycy9zaGFua2FyL0RyaXZlL2RvY3MvdGVjaG5pY2FsX3BhcGVycy9iaWJkZXNrX3BhcGVycy9rb21lbmRlcmEyMDEyYS5wZGYAABMAAS8AABUAAgAO//8AAIAG0hscHR5aJGNsYXNzbmFtZVgkY2xhc3Nlc11OU011dGFibGVEYXRhox0fIFZOU0RhdGFYTlNPYmplY3TSGxwiI1xOU0RpY3Rpb25hcnmiIiBfEA9OU0tleWVkQXJjaGl2ZXLRJidUcm9vdIABAAgAEQAaACMALQAyADcAQABGAE0AVQBgAGcAagBsAG4AcQBzAHUAdwCEAI4A1ADZAOECywLNAtIC3QLmAvQC+AL/AwgDDQMaAx0DLwMyAzcAAAAAAAACAQAAAAAAAAAoAAAAAAAAAAAAAAAAAAADOQ==}}

@article{zanzottera2012,
	Abstract = {This work deals with the design of transfers connecting LEOs with halo orbits around libration points of the Earth--Moon CRTBP using impulsive maneuvers. Exploiting the coupled circular restricted three-body problem approximation, suitable first guess trajectories are derived detecting intersections between stable manifolds related to halo orbits of EM spatial CRTBP and Earth-escaping trajectories integrated in planar Sun--Earth CRTBP. The accuracy of the intersections in configuration space and the discontinuities in terms of Δv are controlled through the box covering structure implemented in the software GAIO. Finally first guess solutions are optimized in the bicircular four-body problem and single-impulse and two-impulse transfers are presented.},
	Author = {Zanzottera, A. and Mingotti, G. and Castelli, R. and Dellnitz, M.},
	Date = {2012/2//},
	Date-Added = {2014-09-05 11:25:30 +0000},
	Date-Modified = {2014-09-05 11:25:30 +0000},
	Doi = {http://dx.doi.org/10.1016/j.cnsns.2011.06.032},
	Isbn = {1007-5704},
	Journal = {Communications in Nonlinear Science and Numerical Simulation},
	Keywords = {Three-body problems; Halo orbits; Invariant manifolds; Box covering; Bicircular model; Trajectory optimization},
	Month = {2},
	Number = {2},
	Pages = {832--843},
	Title = {Intersecting invariant manifolds in spatial restricted three-body problems: Design and optimization of Earth-to-halo transfers in the Sun--Earth--Moon scenario},
	Ty = {JOUR},
	Url = {http://www.sciencedirect.com/science/article/pii/S1007570411003479},
	Volume = {17},
	Year = {2012},
	Bdsk-File-1 = {YnBsaXN0MDDUAQIDBAUGJCVYJHZlcnNpb25YJG9iamVjdHNZJGFyY2hpdmVyVCR0b3ASAAGGoKgHCBMUFRYaIVUkbnVsbNMJCgsMDxJXTlMua2V5c1pOUy5vYmplY3RzViRjbGFzc6INDoACgAOiEBGABIAFgAdccmVsYXRpdmVQYXRoWWFsaWFzRGF0YV8QQy4uLy4uLy4uLy4uL2RvY3MvdGVjaG5pY2FsX3BhcGVycy9iaWJkZXNrX3BhcGVycy96YW56b3R0ZXJhMjAxMi5wZGbSFwsYGVdOUy5kYXRhTxEB5gAAAAAB5gACAAAMTWFjaW50b3NoIEhEAAAAAAAAAAAAAAAAAAAA0KjgG0grAAAACudSEnphbnpvdHRlcmEyMDEyLnBkZgAAAAAAAAAAAAAAAAAAAAAAAAAAAAAAAAAAAAAAAAAAAAAAAAAAAAAAAAAAAAAK6YfQLNhWAAAAAAAAAAAABAAEAAAJIAAAAAAAAAAAAAAAAAAAAA5iaWJkZXNrX3BhcGVycwAQAAgAANCpJmsAAAARAAgAANAtEJYAAAABABgACudSAArXUAAK1zoACtUuAAYeewACk6AAAgBeTWFjaW50b3NoIEhEOlVzZXJzOgBzaGFua2FyOgBEcml2ZToAZG9jczoAdGVjaG5pY2FsX3BhcGVyczoAYmliZGVza19wYXBlcnM6AHphbnpvdHRlcmEyMDEyLnBkZgAOACYAEgB6AGEAbgB6AG8AdAB0AGUAcgBhADIAMAAxADIALgBwAGQAZgAPABoADABNAGEAYwBpAG4AdABvAHMAaAAgAEgARAASAEtVc2Vycy9zaGFua2FyL0RyaXZlL2RvY3MvdGVjaG5pY2FsX3BhcGVycy9iaWJkZXNrX3BhcGVycy96YW56b3R0ZXJhMjAxMi5wZGYAABMAAS8AABUAAgAO//8AAIAG0hscHR5aJGNsYXNzbmFtZVgkY2xhc3Nlc11OU011dGFibGVEYXRhox0fIFZOU0RhdGFYTlNPYmplY3TSGxwiI1xOU0RpY3Rpb25hcnmiIiBfEA9OU0tleWVkQXJjaGl2ZXLRJidUcm9vdIABAAgAEQAaACMALQAyADcAQABGAE0AVQBgAGcAagBsAG4AcQBzAHUAdwCEAI4A1ADZAOECywLNAtIC3QLmAvQC+AL/AwgDDQMaAx0DLwMyAzcAAAAAAAACAQAAAAAAAAAoAAAAAAAAAAAAAAAAAAADOQ==},
	Bdsk-Url-1 = {http://www.sciencedirect.com/science/article/pii/S1007570411003479},
	Bdsk-Url-2 = {http://dx.doi.org/10.1016/j.cnsns.2011.06.032}}

@article{holzinger2012,
	Abstract = {Existing reachability and optimal control theory are applied to a class of nonlinear systems with ellipsoidal initial reachability sets. Analytical expressions for general state partition extrema are developed, yielding necessary conditions for reachability as well as tools for significant reduction in reachability computation. Similar relations for position and velocity reachability set surface computation are also developed and the computation implications discussed. Several examples are worked to illustrate results, and finally directions for future work are discussed.},
	Address = {University of Colorado at Boulder},
	An = {1009582204; 16574101},
	Annote = {Date revised - 2013-05-01; Last updated - 2013-09-25},
	Author = {Holzinger, Marcus J and Scheeres, Daniel J},
	Da = {Apr 2012},
	Date = {2012/04//},
	Date-Added = {2014-10-14 11:54:08 +0000},
	Date-Modified = {2014-10-29 00:20:18 +0000},
	Db = {Engineering Research Database},
	Doi = {http://dx.doi.org/10.1109/TAES.2012.6178080},
	Isbn = {0018-9251},
	Journal = {IEEE Transactions on Aerospace and Electronic Systems},
	Keywords = {reachability, optimal control},
	L2 = {http://findit.library.gwu.edu/go?ctx_ver=Z39.88-2004&ctx_enc=info:ofi/enc:UTF-8&rfr_id=info:sid/ProQ%3Apqdieng&rft_val_fmt=info:ofi/fmt:kev:mtx:journal&rft.genre=article&rft.jtitle=IEEE+Transactions+on+Aerospace+and+Electronic+Systems&rft.atitle=Reachability+Results+for+Nonlinear+Systems+with+Ellipsoidal+Initial+Sets&rft.au=Holzinger%2C+Marcus+J%3BScheeres%2C+Daniel+J&rft.aulast=Holzinger&rft.aufirst=Marcus&rft.date=2012-04-01&rft.volume=48&rft.issue=2&rft.spage=1583&rft.isbn=&rft.btitle=&rft.title=IEEE+Transactions+on+Aerospace+and+Electronic+Systems&rft.issn=00189251&rft_id=info:doi/10.1109%2FTAES.2012.6178080},
	La = {English},
	Month = {04},
	Number = {2},
	Pages = {1583--1600},
	Publisher = {Institute of Electrical and Electronics Engineers, Inc.},
	Title = {Reachability Results for Nonlinear Systems with Ellipsoidal Initial Sets},
	Ty = {JOUR},
	Url = {http://proxygw.wrlc.org/login?url=http://search.proquest.com/docview/1009582204?accountid=11243},
	Volume = {48},
	Year = {2012},
	Year1 = {2012},
	Bdsk-File-1 = {YnBsaXN0MDDUAQIDBAUGJCVYJHZlcnNpb25YJG9iamVjdHNZJGFyY2hpdmVyVCR0b3ASAAGGoKgHCBMUFRYaIVUkbnVsbNMJCgsMDxJXTlMua2V5c1pOUy5vYmplY3RzViRjbGFzc6INDoACgAOiEBGABIAFgAdccmVsYXRpdmVQYXRoWWFsaWFzRGF0YV8QQi4uLy4uLy4uLy4uL2RvY3MvdGVjaG5pY2FsX3BhcGVycy9iaWJkZXNrX3BhcGVycy9ob2x6aW5nZXIyMDEyLnBkZtIXCxgZV05TLmRhdGFPEQHiAAAAAAHiAAIAAAxNYWNpbnRvc2ggSEQAAAAAAAAAAAAAAAAAAADQqOAbSCsAAAAK51IRaG9semluZ2VyMjAxMi5wZGYAAAAAAAAAAAAAAAAAAAAAAAAAAAAAAAAAAAAAAAAAAAAAAAAAAAAAAAAAAAAAAArrttBhZH4AAAAAAAAAAAAEAAQAAAkgAAAAAAAAAAAAAAAAAAAADmJpYmRlc2tfcGFwZXJzABAACAAA0KkmawAAABEACAAA0GGcvgAAAAEAGAAK51IACtdQAArXOgAK1S4ABh57AAKToAACAF1NYWNpbnRvc2ggSEQ6VXNlcnM6AHNoYW5rYXI6AERyaXZlOgBkb2NzOgB0ZWNobmljYWxfcGFwZXJzOgBiaWJkZXNrX3BhcGVyczoAaG9semluZ2VyMjAxMi5wZGYAAA4AJAARAGgAbwBsAHoAaQBuAGcAZQByADIAMAAxADIALgBwAGQAZgAPABoADABNAGEAYwBpAG4AdABvAHMAaAAgAEgARAASAEpVc2Vycy9zaGFua2FyL0RyaXZlL2RvY3MvdGVjaG5pY2FsX3BhcGVycy9iaWJkZXNrX3BhcGVycy9ob2x6aW5nZXIyMDEyLnBkZgATAAEvAAAVAAIADv//AACABtIbHB0eWiRjbGFzc25hbWVYJGNsYXNzZXNdTlNNdXRhYmxlRGF0YaMdHyBWTlNEYXRhWE5TT2JqZWN00hscIiNcTlNEaWN0aW9uYXJ5oiIgXxAPTlNLZXllZEFyY2hpdmVy0SYnVHJvb3SAAQAIABEAGgAjAC0AMgA3AEAARgBNAFUAYABnAGoAbABuAHEAcwB1AHcAhACOANMA2ADgAsYCyALNAtgC4QLvAvMC+gMDAwgDFQMYAyoDLQMyAAAAAAAAAgEAAAAAAAAAKAAAAAAAAAAAAAAAAAAAAzQ=},
	Bdsk-Url-1 = {http://proxygw.wrlc.org/login?url=http://search.proquest.com/docview/1009582204?accountid=11243},
	Bdsk-Url-2 = {http://dx.doi.org/10.1109/TAES.2012.6178080}}

@inbook{komendera2012,
	Annote = {doi:10.2514/6.2012-4810},
	Author = {Erik Komendera and Elizabeth Bradley and Daniel Scheeres},
	Booktitle = {AIAA/AAS Astrodynamics Specialist Conference},
	Date-Added = {2014-10-03 11:47:00 +0000},
	Date-Modified = {2014-10-03 11:47:02 +0000},
	Doi = {doi:10.2514/6.2012-4810},
	M1 = {0},
	M3 = {doi:10.2514/6.2012-4810},
	Month = {2014/10/03},
	Publisher = {American Institute of Aeronautics and Astronautics},
	Title = {Efficiently Locating Impact and Escape Scenarios in Spacecraft Reachability Sets},
	Title1 = {Guidance, Navigation, and Control and Co-located Conferences},
	Ty = {CHAP},
	Url = {http://dx.doi.org/10.2514/6.2012-4810},
	Year = {2012},
	Year1 = {2012/08/13},
	Bdsk-File-1 = {YnBsaXN0MDDUAQIDBAUGJCVYJHZlcnNpb25YJG9iamVjdHNZJGFyY2hpdmVyVCR0b3ASAAGGoKgHCBMUFRYaIVUkbnVsbNMJCgsMDxJXTlMua2V5c1pOUy5vYmplY3RzViRjbGFzc6INDoACgAOiEBGABIAFgAdccmVsYXRpdmVQYXRoWWFsaWFzRGF0YV8QQi4uLy4uLy4uLy4uL2RvY3MvdGVjaG5pY2FsX3BhcGVycy9iaWJkZXNrX3BhcGVycy9rb21lbmRlcmEyMDEyLnBkZtIXCxgZV05TLmRhdGFPEQHiAAAAAAHiAAIAAAxNYWNpbnRvc2ggSEQAAAAAAAAAAAAAAAAAAADQqOAbSCsAAAAK51IRa29tZW5kZXJhMjAxMi5wZGYAAAAAAAAAAAAAAAAAAAAAAAAAAAAAAAAAAAAAAAAAAAAAAAAAAAAAAAAAAAAAAArpdNBQDJIAAAAAAAAAAAAEAAQAAAkgAAAAAAAAAAAAAAAAAAAADmJpYmRlc2tfcGFwZXJzABAACAAA0KkmawAAABEACAAA0FBE0gAAAAEAGAAK51IACtdQAArXOgAK1S4ABh57AAKToAACAF1NYWNpbnRvc2ggSEQ6VXNlcnM6AHNoYW5rYXI6AERyaXZlOgBkb2NzOgB0ZWNobmljYWxfcGFwZXJzOgBiaWJkZXNrX3BhcGVyczoAa29tZW5kZXJhMjAxMi5wZGYAAA4AJAARAGsAbwBtAGUAbgBkAGUAcgBhADIAMAAxADIALgBwAGQAZgAPABoADABNAGEAYwBpAG4AdABvAHMAaAAgAEgARAASAEpVc2Vycy9zaGFua2FyL0RyaXZlL2RvY3MvdGVjaG5pY2FsX3BhcGVycy9iaWJkZXNrX3BhcGVycy9rb21lbmRlcmEyMDEyLnBkZgATAAEvAAAVAAIADv//AACABtIbHB0eWiRjbGFzc25hbWVYJGNsYXNzZXNdTlNNdXRhYmxlRGF0YaMdHyBWTlNEYXRhWE5TT2JqZWN00hscIiNcTlNEaWN0aW9uYXJ5oiIgXxAPTlNLZXllZEFyY2hpdmVy0SYnVHJvb3SAAQAIABEAGgAjAC0AMgA3AEAARgBNAFUAYABnAGoAbABuAHEAcwB1AHcAhACOANMA2ADgAsYCyALNAtgC4QLvAvMC+gMDAwgDFQMYAyoDLQMyAAAAAAAAAgEAAAAAAAAAKAAAAAAAAAAAAAAAAAAAAzQ=},
	Bdsk-Url-1 = {http://dx.doi.org/10.2514/6.2012-4810}}

@inproceedings{haque2013,
	Author = {Haque, Samudra E and Keidar, Michael and Lee, Taeyoung},
	Booktitle = {Proceedings of the thirty-third international electric propulsion conference, Electric Rocket Propulsion Society, Washington DC, USA},
	Date-Added = {2015-02-08 16:57:54 +0000},
	Date-Modified = {2015-02-08 16:57:55 +0000},
	Title = {Low-Thrust Orbital Maneuver Analysis for Cubesat Spacecraft with a Micro-Cathode Arc Thruster Subsystem},
	Year = {2013},
	Bdsk-File-1 = {YnBsaXN0MDDUAQIDBAUGJCVYJHZlcnNpb25YJG9iamVjdHNZJGFyY2hpdmVyVCR0b3ASAAGGoKgHCBMUFRYaIVUkbnVsbNMJCgsMDxJXTlMua2V5c1pOUy5vYmplY3RzViRjbGFzc6INDoACgAOiEBGABIAFgAdccmVsYXRpdmVQYXRoWWFsaWFzRGF0YV8QPi4uLy4uLy4uLy4uL2RvY3MvdGVjaG5pY2FsX3BhcGVycy9iaWJkZXNrX3BhcGVycy9oYXF1ZTIwMTMucGRm0hcLGBlXTlMuZGF0YU8RAdIAAAAAAdIAAgAADE1hY2ludG9zaCBIRAAAAAAAAAAAAAAAAAAAANCo4BtIKwAAAArnUg1oYXF1ZTIwMTMucGRmAAAAAAAAAAAAAAAAAAAAAAAAAAAAAAAAAAAAAAAAAAAAAAAAAAAAAAAAAAAAAAAAAAAAHhJ50OwURAAAAAAAAAAAAAQABAAACSAAAAAAAAAAAAAAAAAAAAAOYmliZGVza19wYXBlcnMAEAAIAADQqSZrAAAAEQAIAADQ7FqUAAAAAQAYAArnUgAK11AACtc6AArVLgAGHnsAApOgAAIAWU1hY2ludG9zaCBIRDpVc2VyczoAc2hhbmthcjoARHJpdmU6AGRvY3M6AHRlY2huaWNhbF9wYXBlcnM6AGJpYmRlc2tfcGFwZXJzOgBoYXF1ZTIwMTMucGRmAAAOABwADQBoAGEAcQB1AGUAMgAwADEAMwAuAHAAZABmAA8AGgAMAE0AYQBjAGkAbgB0AG8AcwBoACAASABEABIARlVzZXJzL3NoYW5rYXIvRHJpdmUvZG9jcy90ZWNobmljYWxfcGFwZXJzL2JpYmRlc2tfcGFwZXJzL2hhcXVlMjAxMy5wZGYAEwABLwAAFQACAA7//wAAgAbSGxwdHlokY2xhc3NuYW1lWCRjbGFzc2VzXU5TTXV0YWJsZURhdGGjHR8gVk5TRGF0YVhOU09iamVjdNIbHCIjXE5TRGljdGlvbmFyeaIiIF8QD05TS2V5ZWRBcmNoaXZlctEmJ1Ryb290gAEACAARABoAIwAtADIANwBAAEYATQBVAGAAZwBqAGwAbgBxAHMAdQB3AIQAjgDPANQA3AKyArQCuQLEAs0C2wLfAuYC7wL0AwEDBAMWAxkDHgAAAAAAAAIBAAAAAAAAACgAAAAAAAAAAAAAAAAAAAMg}}

@comment{BibDesk Static Groups{
<?xml version="1.0" encoding="UTF-8"?>
<!DOCTYPE plist PUBLIC "-//Apple//DTD PLIST 1.0//EN" "http://www.apple.com/DTDs/PropertyList-1.0.dtd">
<plist version="1.0">
<array>
	<dict>
		<key>group name</key>
		<string>2015 AAS</string>
		<key>keys</key>
		<string>greenwood1988,koon2000,koon1999,haque2013,varaiya2000,ozimek2010a,caillau2012,holzinger2009,mingotti2011a,ross2006,marsden2001,koon2001,gomez2001,mingotti2011,lanczos1970,bryson1975,szebehely1967,zanzottera2012,holzinger2012,chang2002,grebow2011,mingotti2009,ross2007,conley1968,campagnola2012,strang2008,komendera2012,tanaka2011,lygeros2004,komendera2012a,lygeros2002,mitchell2002</string>
	</dict>
	<dict>
		<key>group name</key>
		<string>2015 AFRL</string>
		<key>keys</key>
		<string>kenwright2012,mayhew2010,wu2009,kalabic2014,shuster2008,lee2011a,clifford1882,dorts2002,lee2015,han2008,kavan2006,murray1994,lee2007a,lee2011b,lee2006a,segal2009,mayhew2010a,mcinnes1994,wang2013,ames2014,kuipers1999,wieland2007,vaddi2005,shuster1993,ivancevic2011,mayhew2010b,lee2006,thomas2014,abraham2012,singh1989</string>
	</dict>
	<dict>
		<key>group name</key>
		<string>2015 SSPI</string>
		<key>keys</key>
		<string>vallado2001,szebehely1967</string>
	</dict>
	<dict>
		<key>group name</key>
		<string>AAE507 Project</string>
		<key>keys</key>
		<string>adams1980,wittenburg2008,tsiotras1996,longuski2005,longuski1989,greenwood1988,javorsek2000,hall1994,ardema2005a,likins1967,rumiantsev1961,hughes2004,noll1971,wertz1978,ardema2005,neer1972,kang2004</string>
	</dict>
	<dict>
		<key>group name</key>
		<string>Bicycle</string>
		<key>keys</key>
		<string>sutherland1990,herlihy2006,schraner1999,downs2005,book2010,forester1986,whitt1982,bulhumeur2010,brandt1993</string>
	</dict>
	<dict>
		<key>group name</key>
		<string>Chess</string>
		<key>keys</key>
		<string>farnsworth2011,fischer1982</string>
	</dict>
	<dict>
		<key>group name</key>
		<string>CSCI6525 Project</string>
		<key>keys</key>
		<string>marsden1993,astrom2000,lee2009,sehgal2012,garcia1998,tedrake2004,lee2012,goswami1996,langdon2007,gomes2005,coleman2001,zhang2012,kudra2011,stern2006,tedrake2009,marsden2001,mcgeer1990,chaturvedi2011</string>
	</dict>
	<dict>
		<key>group name</key>
		<string>Geolocation</string>
		<key>keys</key>
		<string>ho1993,drake2004,crassidis2011,tapley2004,kulumani2013,foy1976,acton1996,chan1994</string>
	</dict>
	<dict>
		<key>group name</key>
		<string>Latex</string>
		<key>keys</key>
		<string>vos2010,trettin2007,talbot2013,wright2013,partl1995,szebehely1967,zender2000,subramaniyan2009,downes2002,cr-emer2011,tantau2007,latex,talbot2012,pakin2008</string>
	</dict>
	<dict>
		<key>group name</key>
		<string>ME578 Project</string>
		<key>keys</key>
		<string>schwartz2003,richie2001,kim2003,hughes2004,nise2007,khalil1996,schaub1998,schwartz2004a,radzykewycz1999,romano2004,kuo1992,yoon2002,marshall2003,agrawal2001,wie1989,peng2009,coverstone-carroll2000,kim2001,das1990,schwartz2004</string>
	</dict>
	<dict>
		<key>group name</key>
		<string>PhD</string>
		<key>keys</key>
		<string>lygeros2002,wilson1998,bell1995,longuski2014,ovenden1961,kavan2006,russell2007,richardson1980,astrom2010,connor-howell1984a,gomez2001,rausch2005,lee2012,kenwright2012,bellman1970,ulybyshev2007,anderson2009,marsden1993,geisel2013,holzinger2012,murray1994,hol2006,slotine1991,fridman2003,chyba2014,seywald2003,holzinger2011a,kluever1995,ozimek2006,haapala2014,yue2009,arulampalam2002,zhang2012,barden1996,bonnard2010,koon2000b,ross2006,finocchietti2014,kluever1998,richardson1980a,holzinger2009,newton1999,pontani2014,gawlik2009a,lee2007,baoyin2006,lee2006a,jenson1963,serban2002,varaiya2000,caillau2012,senent2005,bullo2004,petropoulos2005,lo1997,vallado2001,komendera2012,ceccaroni2012,dixon1981,howell2006,breakwell1979,park2006,stern2006,pavlak2013,peng2014a,mingotti2011a,thorne1996,haque2013,betts1998,whiting2004,kane1999,ross2007a,conley1968,lanczos1970,gurfil2007,mingotti2011,avvakumov2000,tucker2002,grebow2006,ozimek2010a,kaynama2010,goswami1996,delzanno2011,tang1995,stuart2011,dellnitz2006,ranieri2006,kim2005,mingotti2014,mitchell2002,stuart2014,kuipers1999,mayhew2010,douc2005,diehl2011,kilic2013,mains1993,huang2012,villac2003,shuster1993,thomas2014,mayhew2010a,hall2003,lo1998a,lee2005,strang2008,gawlik2006,bryson2002,kirk2012,gawlik2009,han2008,asarin2003,koon2001,greenwood1988,szebehely1967,ivancevic2011,petersen2008,craig2005,yu2007,howell1994,vaandrager1999,west2004,tedrake2004,lee2007a,koon1999,petropoulos2004,zanzottera2012,lygeros2004,peng2014,marsden2006,lee2011b,campagnola2012,holzinger2011,bryson1975,lee2011,kalabic2014,iigen1993,kluever1995a,hiday-johnston1994,richardson1980b,mingotti2009,chaturvedi2011,chen2008,grebow2011,tanaka2011,sims1999,barden1994,montgomery2001,mitchell2004,conway2010,ross2004,koon2000a,ross2007,meyer2009,lee2006,serban2000,lee2009,ozimek2010,topputo2005,vavrina2008a,megretski2009,pierson1994,holzinger2011b,vavrina2008,doucet2009,clifford1882,koon2000,garcia1998,chang2002,marsden2001,komendera2012a,maler2003,girard2006,kurzhanski2001</string>
	</dict>
</array>
</plist>
}}

@comment{BibDesk Smart Groups{
<?xml version="1.0" encoding="UTF-8"?>
<!DOCTYPE plist PUBLIC "-//Apple//DTD PLIST 1.0//EN" "http://www.apple.com/DTDs/PropertyList-1.0.dtd">
<plist version="1.0">
<array>
	<dict>
		<key>conditions</key>
		<array>
			<dict>
				<key>comparison</key>
				<integer>2</integer>
				<key>key</key>
				<string>BibTeX Type</string>
				<key>value</key>
				<string>book</string>
				<key>version</key>
				<string>1</string>
			</dict>
		</array>
		<key>conjunction</key>
		<integer>0</integer>
		<key>group name</key>
		<string>Books</string>
	</dict>
	<dict>
		<key>conditions</key>
		<array>
			<dict>
				<key>comparison</key>
				<integer>2</integer>
				<key>key</key>
				<string>Keywords</string>
				<key>value</key>
				<string>CMG</string>
				<key>version</key>
				<string>1</string>
			</dict>
		</array>
		<key>conjunction</key>
		<integer>0</integer>
		<key>group name</key>
		<string>CMG</string>
	</dict>
	<dict>
		<key>conditions</key>
		<array>
			<dict>
				<key>comparison</key>
				<integer>0</integer>
				<key>key</key>
				<string>Local File</string>
				<key>value</key>
				<string>0</string>
				<key>version</key>
				<string>1</string>
			</dict>
		</array>
		<key>conjunction</key>
		<integer>0</integer>
		<key>group name</key>
		<string>Missing Local File</string>
	</dict>
</array>
</plist>
}}
